@ARTICLE{Abbass2015-qk,
  title    = "{Customised fragments libraries for protein structure prediction
              based on structural class annotations}",
  author   = "Abbass, Jad and Nebel, Jean-Christophe",
  journal  = "BMC Bioinformatics",
  volume   =  16,
  pages    = "136",
  year     =  2015,
  issn     = "1471-2105",
  pmid     = "25925397",
  doi      = "10.1186/s12859-015-0576-2",
  pmc      = "PMC4419399"
}
@ARTICLE{Abriata2018-lu,
  title    = "{Assessment of hard target modeling in CASP12 reveals an emerging
              role of alignment-based contact prediction methods}",
  author   = "Abriata, Luciano A and Tam{\`o}, Giorgio E and Monastyrskyy,
              Bohdan and Kryshtafovych, Andriy and Dal Peraro, Matteo",
  journal  = "Proteins",
  volume   = "86 Suppl 1",
  pages    = "97--112",
  year     =  2018,
  keywords = "contact prediction; critical assessment of structure prediction;
              homology modeling; residue coevolution; sequence alignment;
              structural bioinformatics",
  issn     = "0887-3585, 1097-0134",
  pmid     = "29139163",
  doi      = "10.1002/prot.25423"
}
@ARTICLE{Adhikari2015-lb,
  title    = "{CONFOLD: Residue-residue contact-guided ab initio protein folding}",
  author   = "Adhikari, Badri and Bhattacharya, Debswapna and Cao, Renzhi and
              Cheng, Jianlin",
  journal  = "Proteins",
  volume   =  83,
  number   =  8,
  pages    = "1436--1449",
  year     =  2015,
  keywords = "Ab initio protein folding; Contact assisted protein structure
              prediction; Optimization; Protein residue-residue contacts;
              Protein structure modeling",
  issn     = "0887-3585, 1097-0134",
  pmid     = "25974172",
  arxivid  = "15334406",
  doi      = "10.1002/prot.24829",
  pmc      = "PMC4509844"
}
@ARTICLE{Adhikari2018-kt,
  title    = "{DNCON2: improved protein contact prediction using two-level deep
              convolutional neural networks}",
  author   = "Adhikari, Badri and Hou, Jie and Cheng, Jianlin",
  journal  = "Bioinformatics",
  volume   =  34,
  number   =  9,
  pages    = "1466--1472",
  year     =  2018,
  issn     = "1367-4803, 1367-4811",
  pmid     = "29228185",
  doi      = "10.1093/bioinformatics/btx781",
  pmc      = "PMC5925776"
}
@ARTICLE{Adhikari2018-lj,
  title    = "{CONFOLD2: improved contact-driven ab initio protein structure
              modeling}",
  author   = "Adhikari, Badri and Cheng, Jianlin",
  journal  = "BMC Bioinformatics",
  volume   =  19,
  number   =  1,
  pages    = "22",
  year     =  2018,
  keywords = "CONFOLD; Contacts; Model selection; Protein folding",
  issn     = "1471-2105",
  pmid     = "29370750",
  doi      = "10.1186/s12859-018-2032-6",
  pmc      = "PMC5784681"
}
@ARTICLE{Afonine2012-bg,
  title    = "{Towards automated crystallographic structure refinement with
              phenix.refine}",
  author   = "Afonine, Pavel V and Grosse-Kunstleve, Ralf W and Echols,
              Nathaniel and Headd, Jeffrey J and Moriarty, Nigel W and
              Mustyakimov, Marat and Terwilliger, Thomas C and Urzhumtsev,
              Alexandre and Zwart, Peter H and Adams, Paul D",
  journal  = "Acta Crystallogr. D Biol. Crystallogr.",
  volume   =  68,
  number   = "Pt 4",
  pages    = "352--367",
  year     =  2012,
  issn     = "0907-4449, 1399-0047",
  pmid     = "22505256",
  doi      = "10.1107/S0907444912001308",
  pmc      = "PMC3322595"
}
@ARTICLE{Altschul1990-og,
  title    = "{Basic local alignment search tool}",
  author   = "Altschul, S F and Gish, W and Miller, W and Myers, E W and
              Lipman, D J",
  journal  = "J. Mol. Biol.",
  volume   =  215,
  number   =  3,
  pages    = "403--410",
  year     =  1990,
  issn     = "0022-2836",
  pmid     = "2231712",
  arxivid  = "1611.08307v1",
  doi      = "10.1016/S0022-2836(05)80360-2"
}
@ARTICLE{Andreani2015-qn,
  title    = "{bbcontacts: prediction of $\beta$-strand pairing from direct
              coupling patterns}",
  author   = "Andreani, Jessica and S{\"o}ding, Johannes",
  journal  = "Bioinformatics",
  volume   =  31,
  number   =  11,
  pages    = "1729--1737",
  year     =  2015,
  issn     = "1367-4803, 1367-4811",
  pmid     = "25618863",
  arxivid  = "10.1093/bioinformatics/btv041",
  doi      = "10.1093/bioinformatics/btv041"
}
@ARTICLE{Anfinsen1973-in,
  title    = "{Principles that govern the folding of protein chains}",
  author   = "Anfinsen, C B",
  journal  = "Science",
  volume   =  181,
  number   =  4096,
  pages    = "223--230",
  year     =  1973,
  issn     = "0036-8075",
  pmid     = "4124164"
}
@ARTICLE{Athappilly1995-yu,
  title    = "{Structure of the biotinyl domain of acetyl-coenzyme A carboxylase
              determined by MAD phasing}",
  author   = "Athappilly, F K and Hendrickson, W A",
  journal  = "Structure",
  volume   =  3,
  number   =  12,
  pages    = "1407--1419",
  year     =  1995,
  keywords = "biotin carboxyl carrier protein; carboxyl transfer; hammerhead
              structure; selenomethionine",
  issn     = "0969-2126",
  pmid     = "8747466",
  doi      = "10.1016/S0969-2126(01)00277-5"
}
@ARTICLE{Atkinson2014-he,
  title     = "{The structure based design of dual HDAC/BET inhibitors as novel
               epigenetic probes}",
  author    = "Atkinson, Stephen J and Soden, Peter E and Angell, Davina C and
               Bantscheff, Marcus and Chung, Chun-Wa and Giblin, Kathryn A and
               Smithers, Nicholas and Furze, Rebecca C and Gordon, Laurie and
               Drewes, Gerard and Rioja, Inmaculada and Witherington, Jason and
               Parr, Nigel J and Prinjha, Rab K",
  journal   = "Med. Chem. Commun.",
  publisher = "The Royal Society of Chemistry",
  volume    =  5,
  number    =  3,
  pages     = "342--351",
  year      =  2014,
  issn      = "2040-2511",
  doi       = "10.1039/C3MD00285C"
}
@ARTICLE{Bai2016-sw,
  title    = "{Elucidating the druggable interface of protein-protein
              interactions using fragment docking and coevolutionary analysis}",
  author   = "Bai, Fang and Morcos, Faruck and Cheng, Ryan R and Jiang,
              Hualiang and Onuchic, Jos{\'e} N",
  journal  = "Proc. Natl. Acad. Sci. U. S. A.",
  volume   =  113,
  number   =  50,
  pages    = "E8051--E8058",
  year     =  2016,
  keywords = "direct coupling analysis; drug design; druggable surface; hot;
              protein−protein interface; spots; hot spots",
  issn     = "0027-8424, 1091-6490",
  pmid     = "27911825",
  doi      = "10.1073/pnas.1615932113",
  pmc      = "PMC5167203"
}
@ARTICLE{Balakrishnan2011-wh,
  title    = "{Learning generative models for protein fold families}",
  author   = "Balakrishnan, Sivaraman and Kamisetty, Hetunandan and Carbonell,
              Jaime G and Lee, Su-In and Langmead, Christopher James",
  journal  = "Proteins",
  volume   =  79,
  number   =  4,
  pages    = "1061--1078",
  year     =  2011,
  issn     = "0887-3585, 1097-0134",
  pmid     = "21268112",
  doi      = "10.1002/prot.22934"
}
@ARTICLE{Banuelos1998-jk,
  title    = "{Structural comparisons of calponin homology domains: implications
              for actin binding}",
  author   = "Ba{\~n}uelos, S and Saraste, M and Djinovi{\'c} Carugo, K",
  journal  = "Structure",
  volume   =  6,
  number   =  11,
  pages    = "1419--1431",
  year     =  1998,
  keywords = "Actin binding; Calponin homology domain; Crystal structure;
              Evolution",
  issn     = "0969-2126",
  pmid     = "9817844",
  doi      = "10.1016/S0969-2126(98)00141-5"
}
@ARTICLE{Bayes1763-ox,
  title   = "{An Essay towards Solving a Problem in the Doctrine of Chances. By
             the Late Rev. Mr. Bayes, F. R. S. Communicated by Mr. Price, in a
             Letter to John Canton, A. M. F. R. S}",
  author  = "Bayes, Mr and Price, Mr",
  journal = "Philosophical Transactions of the Royal Society of London",
  volume  =  53,
  number  =  0,
  pages   = "370--418",
  year    =  1763,
  issn    = "0261-0523",
  doi     = "10.1098/rstl.1763.0053"
}
@ARTICLE{Berman2000-ua,
  title     = "{The Protein Data Bank}",
  author    = "Berman, H M and Westbrook, J and Feng, Z and Gilliland, G and
               Bhat, T N and Weissig, H and Shindyalov, I N and Bourne, P E",
  journal   = "Nucleic Acids Res.",
  publisher = "Oxford University Press",
  volume    =  28,
  number    =  1,
  pages     = "235--242",
  year      =  2000,
  keywords  = "macromolecule; protein data bank",
  issn      = "0305-1048, 1362-4962",
  pmid      = "10592235",
  doi       = "10.1093/nar/28.1.235",
  pmc       = "PMC102472"
}
@ARTICLE{Berntsson2012-lc,
  title    = "{Structural divergence of paralogous S components from ECF-type
              ABC transporters}",
  author   = "Berntsson, Ronnie P-A and ter Beek, Josy and Majsnerowska, Maria
              and Duurkens, Ria H and Puri, Pranav and Poolman, Bert and
              Slotboom, Dirk-Jan",
  journal  = "Proc. Natl. Acad. Sci. U. S. A.",
  volume   =  109,
  number   =  35,
  pages    = "13990--13995",
  year     =  2012,
  issn     = "0027-8424, 1091-6490",
  pmid     = "22891302",
  doi      = "10.1073/pnas.1203219109",
  pmc      = "PMC3435211"
}
@ARTICLE{Bhattacharya2016-ix,
  title    = "{FRAGSION: ultra-fast protein fragment library generation by IOHMM
              sampling}",
  author   = "Bhattacharya, Debswapna and Adhikari, Badri and Li, Jilong and
              Cheng, Jianlin",
  journal  = "Bioinformatics",
  volume   =  32,
  number   =  13,
  pages    = "2059--2061",
  year     =  2016,
  issn     = "1367-4803, 1367-4811",
  pmid     = "27153697",
  doi      = "10.1093/bioinformatics/btw067",
  pmc      = "PMC4920111"
}
@ARTICLE{Bibby2012-lm,
  title    = "{AMPLE: a cluster-and-truncate approach to solve the crystal
              structures of small proteins using rapidly computed ab initio
              models}",
  author   = "Bibby, Jaclyn and Keegan, Ronan M and Mayans, Olga and Winn,
              Martyn D and Rigden, Daniel J",
  journal  = "Acta Crystallogr. D Biol. Crystallogr.",
  volume   =  68,
  number   = "Pt 12",
  pages    = "1622--1631",
  year     =  2012,
  keywords = "AMPLE; ab initio models; cluster-and-truncate approach",
  issn     = "0907-4449, 1399-0047",
  pmid     = "23151627",
  doi      = "10.1107/S0907444912039194"
}
@ARTICLE{Bibby2013-cp,
  title    = "{Application of the AMPLE cluster-and-truncate approach to NMR
              structures for molecular replacement}",
  author   = "Bibby, Jaclyn and Keegan, Ronan M and Mayans, Olga and Winn,
              Martyn D and Rigden, Daniel J",
  journal  = "Acta Crystallogr. D Biol. Crystallogr.",
  volume   =  69,
  number   = "Pt 11",
  pages    = "2194--2201",
  year     =  2013,
  keywords = "AMPLE; NMR structures; molecular replacement; search models",
  issn     = "0907-4449, 1399-0047",
  pmid     = "24189230",
  doi      = "10.1107/S0907444913018453",
  pmc      = "PMC3817692"
}
@ARTICLE{Biegert2006-cb,
  title    = "{The MPI Bioinformatics Toolkit for protein sequence analysis}",
  author   = "Biegert, Andreas and Mayer, Christian and Remmert, Michael and
              S{\"o}ding, Johannes and Lupas, Andrei N",
  journal  = "Nucleic Acids Res.",
  volume   =  34,
  number   = "Web Server issue",
  pages    = "W335--9",
  year     =  2006,
  issn     = "0305-1048, 1362-4962",
  pmid     = "16845021",
  doi      = "10.1093/nar/gkl217",
  pmc      = "PMC1538786"
}
@ARTICLE{Blake1965-ng,
  title    = "{Structure of hen egg-white lysozyme. A three-dimensional Fourier
              synthesis at 2 Angstrom resolution}",
  author   = "Blake, C C and Koenig, D F and Mair, G A and North, A C and
              Phillips, D C and Sarma, V R",
  journal  = "Nature",
  volume   =  206,
  number   =  4986,
  pages    = "757--761",
  year     =  1965,
  issn     = "0028-0836",
  pmid     = "5891407"
}
@ARTICLE{Blaszczyk2013-nx,
  title    = "{CABS-fold: Server for the de novo and consensus-based prediction
              of protein structure}",
  author   = "Blaszczyk, Maciej and Jamroz, Michal and Kmiecik, Sebastian and
              Kolinski, Andrzej",
  journal  = "Nucleic Acids Res.",
  volume   =  41,
  number   = "Web Server issue",
  pages    = "W406--11",
  year     =  2013,
  issn     = "0305-1048, 1362-4962",
  pmid     = "23748950",
  doi      = "10.1093/nar/gkt462",
  pmc      = "PMC3692050"
}
@ARTICLE{Blundell1971-mv,
  title    = "{Atomic positions in rhombohedral 2-zinc insulin crystals}",
  author   = "Blundell, T L and Cutfield, J F and Cutfield, S M and Dodson, E J
              and Dodson, G G and Hodgkin, D C and Mercola, D A and Vijayan, M",
  journal  = "Nature",
  volume   =  231,
  number   =  5304,
  pages    = "506--511",
  year     =  1971,
  issn     = "0028-0836",
  pmid     = "4932997"
}
@ARTICLE{Bradley2005-lw,
  title    = "{Toward high-resolution de novo structure prediction for small
              proteins}",
  author   = "Bradley, Philip and Misura, Kira M S and Baker, David",
  journal  = "Science",
  volume   =  309,
  number   =  5742,
  pages    = "1868--1871",
  year     =  2005,
  issn     = "0036-8075, 1095-9203",
  pmid     = "16166519",
  doi      = "10.1126/science.1113801"
}
@ARTICLE{Bragg1912-ht,
  title     = "{The Specular Reflection of X-rays}",
  author    = "Bragg, W L",
  journal   = "Nature",
  publisher = "Nature Publishing Group",
  volume    =  90,
  pages     = "410",
  year      =  1912,
  issn      = "0028-0836",
  doi       = "10.1038/090410b0"
}
@ARTICLE{Bragg1913-cx,
  title   = "{The Reflection of X-rays by Crystals}",
  author  = "Bragg, W H and Bragg, W L",
  journal = "Proceedings of the Royal Society A: Mathematical, Physical and
             Engineering Sciences",
  volume  =  88,
  number  =  605,
  pages   = "428--438",
  year    =  1913,
  issn    = "1364-5021, 1471-2946",
  doi     = "10.1098/rspa.1913.0040"
}
@ARTICLE{Bragg1929-xp,
  title     = "{The Diffraction of Short Electromagnetic Waves by a Crystal}",
  author    = "Bragg, W L",
  journal   = "Scientia",
  publisher = "Engelmann",
  volume    =  23,
  number    =  45,
  pages     = "153",
  year      =  1929,
  issn      = "0036-8687"
}
@ARTICLE{Bruhn2014-aa,
  title     = "{Crystal structure of the nipah virus phosphoprotein
               tetramerization domain}",
  author    = "Bruhn, Jessica F and Barnett, Katherine C and Bibby, Jaclyn and
               Thomas, Jens M H and Keegan, Ronan M and Rigden, Daniel J and
               Bornholdt, Zachary A and Saphire, Erica Ollmann",
  journal   = "J. Virol.",
  publisher = "Am Soc Microbiol",
  volume    =  88,
  number    =  1,
  pages     = "758--762",
  year      =  2014,
  issn      = "0022-538X, 1098-5514",
  pmid      = "24155387",
  doi       = "10.1128/JVI.02294-13",
  pmc       = "PMC3911761"
}
@ARTICLE{Brunger1998-sz,
  title    = "{Crystallography \& NMR system: A new software suite for
              macromolecular structure determination}",
  author   = "Br{\"u}nger, A T and Adams, P D and Clore, G M and DeLano, W L
              and Gros, P and Grosse-Kunstleve, R W and Jiang, J S and
              Kuszewski, J and Nilges, M and Pannu, N S and Read, R J and Rice,
              L M and Simonson, T and Warren, G L",
  journal  = "Acta Crystallogr. D Biol. Crystallogr.",
  volume   =  54,
  number   = "Pt 5",
  pages    = "905--921",
  year     =  1998,
  issn     = "0907-4449",
  pmid     = "9757107"
}
@ARTICLE{Buchan2017-ox,
  title    = "{EigenTHREADER: analogous protein fold recognition by efficient
              contact map threading}",
  author   = "Buchan, Daniel W A and Jones, David T",
  journal  = "Bioinformatics",
  volume   =  33,
  number   =  17,
  pages    = "2684--2690",
  year     =  2017,
  issn     = "1367-4803, 1367-4811",
  pmid     = "28419258",
  doi      = "10.1093/bioinformatics/btx217",
  pmc      = "PMC5860056"
}
@ARTICLE{Burger2010-ee,
  title    = "{Disentangling direct from indirect co-evolution of residues in
              protein alignments}",
  author   = "Burger, Lukas and van Nimwegen, Erik",
  journal  = "PLoS Comput. Biol.",
  volume   =  6,
  number   =  1,
  pages    = "e1000633",
  year     =  2010,
  issn     = "1553-734X, 1553-7358",
  pmid     = "20052271",
  doi      = "10.1371/journal.pcbi.1000633",
  pmc      = "PMC2793430"
}
@ARTICLE{Camacho2009-th,
  title    = "{BLAST+: architecture and applications}",
  author   = "Camacho, Christiam and Coulouris, George and Avagyan, Vahram and
              Ma, Ning and Papadopoulos, Jason and Bealer, Kevin and Madden,
              Thomas L",
  journal  = "BMC Bioinformatics",
  volume   =  10,
  pages    = "421",
  year     =  2009,
  issn     = "1471-2105",
  pmid     = "20003500",
  doi      = "10.1186/1471-2105-10-421",
  pmc      = "PMC2803857"
}
@ARTICLE{Cendron2004-sn,
  title    = "{Crystal structure of CagZ, a protein from the Helicobacter pylori
              pathogenicity island that encodes for a type IV secretion system}",
  author   = "Cendron, Laura and Seydel, Anke and Angelini, Alessandro and
              Battistutta, Roberto and Zanotti, Giuseppe",
  journal  = "J. Mol. Biol.",
  volume   =  340,
  number   =  4,
  pages    = "881--889",
  year     =  2004,
  keywords = "CagZ; GST; HP0526; Helicobacter pylori; T4SS; cag pathogenicity
              island; cag-PAI; glutathione-S-transferase; type IV secretion
              system",
  issn     = "0022-2836",
  pmid     = "15223328",
  doi      = "10.1016/j.jmb.2004.05.016"
}
@ARTICLE{Chandonia2017-vf,
  title    = "{SCOPe: Manual Curation and Artifact Removal in the Structural
              Classification of Proteins - extended Database}",
  author   = "Chandonia, John-Marc and Fox, Naomi K and Brenner, Steven E",
  journal  = "J. Mol. Biol.",
  volume   =  429,
  number   =  3,
  pages    = "348--355",
  year     =  2017,
  keywords = "database; protein evolution; structure classification",
  issn     = "0022-2836, 1089-8638",
  pmid     = "27914894",
  doi      = "10.1016/j.jmb.2016.11.023",
  pmc      = "PMC5272801"
}
@ARTICLE{Cheng2004-es,
  title    = "{Crystallographic identification of Ca2+ and Sr2+ coordination
              sites in synaptotagmin I C2B domain}",
  author   = "Cheng, Yuan and Sequeira, Sonia M and Malinina, Lucy and
              Tereshko, Valentina and S{\"o}llner, Thomas H and Patel, Dinshaw
              J",
  journal  = "Protein Sci.",
  volume   =  13,
  number   =  10,
  pages    = "2665--2672",
  year     =  2004,
  keywords = "Amino Acid Sequence; Animals; Binding Sites; Calcium;
              Calcium-Binding Proteins; Calcium-Binding Proteins: chemistry;
              Calcium: chemistry; Cations; Cations: chemistry; Crystallography;
              EF Hand Motifs; Membrane Glycoproteins; Membrane Glycoproteins:
              chemistry; Molecular Sequence Data; Nerve Tissue Proteins; Nerve
              Tissue Proteins: chemistry; Protein; Protein Structure; Rats;
              Sequence Alignment; Strontium; Strontium: chemistry; Structural
              Homology; Synaptotagmin I; Synaptotagmins; Tertiary; X-Ray",
  issn     = "0961-8368",
  pmid     = "15340165",
  doi      = "10.1110/ps.04832604",
  pmc      = "PMC2286539"
}
@ARTICLE{Cheng2005-da,
  title    = "{Three-stage prediction of protein beta-sheets by neural networks,
              alignments and graph algorithms}",
  author   = "Cheng, Jianlin and Baldi, Pierre",
  journal  = "Bioinformatics",
  volume   = "21 Suppl 1",
  pages    = "i75--84",
  year     =  2005,
  issn     = "1367-4803",
  pmid     = "15961501",
  doi      = "10.1093/bioinformatics/bti1004"
}
@ARTICLE{Cohen2008-wg,
  title    = "{ARP/wARP and molecular replacement: the next generation}",
  author   = "Cohen, Serge X and Ben Jelloul, Marouane and Long, Fei and Vagin,
              Alexei and Knipscheer, Puck and Lebbink, Joyce and Sixma, Titia K
              and Lamzin, Victor S and Murshudov, Garib N and Perrakis,
              Anastassis",
  journal  = "Acta Crystallogr. D Biol. Crystallogr.",
  volume   =  64,
  number   = "Pt 1",
  pages    = "49--60",
  year     =  2008,
  keywords = "Model building; Molecular replacement; Refinement",
  issn     = "0907-4449",
  pmid     = "18094467",
  doi      = "10.1107/S0907444907047580",
  pmc      = "PMC2394809"
}
@ARTICLE{Collins2014-uu,
  title    = "{Galectin-3 interactions with glycosphingolipids}",
  author   = "Collins, Patrick M and Bum-Erdene, Khuchtumur and Yu, Xing and
              Blanchard, Helen",
  journal  = "J. Mol. Biol.",
  volume   =  426,
  number   =  7,
  pages    = "1439--1451",
  year     =  2014,
  keywords = "X-ray structures; carbohydrate recognition; galectin;
              ganglioside; glycosphingolipid",
  issn     = "0022-2836, 1089-8638",
  pmid     = "24326249",
  doi      = "10.1016/j.jmb.2013.12.004"
}
@ARTICLE{Coulthurst2012-qj,
  title    = "{Conserved signal peptide recognition systems across the
              prokaryotic domains}",
  author   = "Coulthurst, Sarah J and Dawson, Alice and Hunter, William N and
              Sargent, Frank",
  journal  = "Biochemistry",
  volume   =  51,
  number   =  8,
  pages    = "1678--1686",
  year     =  2012,
  issn     = "0006-2960, 1520-4995",
  pmid     = "22289056",
  doi      = "10.1021/bi201852d",
  pmc      = "PMC3290102"
}
@ARTICLE{Cowtan2006-xv,
  title    = "{The Buccaneer software for automated model building. 1. Tracing
              protein chains}",
  author   = "Cowtan, Kevin",
  journal  = "Acta Crystallogr. D Biol. Crystallogr.",
  volume   =  62,
  number   = "Pt 9",
  pages    = "1002--1011",
  year     =  2006,
  issn     = "0907-4449",
  pmid     = "16929101",
  doi      = "10.1107/S0907444906022116"
}
@ARTICLE{Crowe2015-wt,
  title    = "{Structural and functional characterization of a ketosteroid
              transcriptional regulator of Mycobacterium tuberculosis}",
  author   = "Crowe, Adam M and Stogios, Peter J and Casabon, Isra{\"e}l and
              Evdokimova, Elena and Savchenko, Alexei and Eltis, Lindsay D",
  journal  = "J. Biol. Chem.",
  volume   =  290,
  number   =  2,
  pages    = "872--882",
  year     =  2015,
  keywords = "Actinobacteria; Bacterial Metabolism; Cholesterol; CoA Thioester;
              Mycobacterium Tuberculosis; Repressor; Steroid Catabolism;
              Transcription; Transcription Repressor",
  issn     = "0021-9258, 1083-351X",
  pmid     = "25406313",
  doi      = "10.1074/jbc.M114.607481",
  pmc      = "PMC4294509"
}
@ARTICLE{Das2009-uz,
  title    = "{Prospects for de novo phasing with de novo protein models}",
  author   = "Das, Rhiju and Baker, David",
  journal  = "Acta Crystallogr. D Biol. Crystallogr.",
  volume   =  65,
  number   = "Pt 2",
  pages    = "169--175",
  year     =  2009,
  keywords = "De novo phasing; Molecular replacement; Structure prediction",
  issn     = "0907-4449, 1399-0047",
  pmid     = "19171972",
  doi      = "10.1107/S0907444908020039",
  pmc      = "PMC2631639"
}
@ARTICLE{David2003-jk,
  title    = "{YodA from Escherichia coli is a metal-binding, lipocalin-like
              protein}",
  author   = "David, Gabriel and Blondeau, Karine and Schiltz, Marc and Penel,
              Simon and Lewit-Bentley, Anita",
  journal  = "J. Biol. Chem.",
  volume   =  278,
  number   =  44,
  pages    = "43728--43735",
  year     =  2003,
  issn     = "0021-9258",
  pmid     = "12909634",
  doi      = "10.1074/jbc.M304484200"
}
@ARTICLE{De_Oliveira2015-kb,
  title    = "{Building a better fragment library for de novo protein structure
              prediction}",
  author   = "de Oliveira, Saulo H P and Shi, Jiye and Deane, Charlotte M",
  journal  = "PLoS One",
  volume   =  10,
  number   =  4,
  pages    = "e0123998",
  year     =  2015,
  issn     = "1932-6203",
  pmid     = "25901595",
  doi      = "10.1371/journal.pone.0123998",
  pmc      = "PMC4406757"
}
@ARTICLE{De_Oliveira2016-gj,
  title    = "{Comparing co-evolution methods and their application to
              template-free protein structure prediction}",
  author   = "de Oliveira, Saulo Henrique Pires and Shi, Jiye and Deane,
              Charlotte M",
  journal  = "Bioinformatics",
  volume   =  87,
  number   =  3,
  pages    = "btw618",
  year     =  2016,
  keywords = "China; Chinese academy of sciences; Shanghai 201800; Shanghai
              institute of applied physics",
  issn     = "1367-4803, 1460-2059",
  pmid     = "28171606",
  doi      = "10.1093/bioinformatics/btw618"
}
@ARTICLE{De_Oliveira2018-sg,
  title    = "{Sequential search leads to faster, more efficient fragment-based
              de novo protein structure prediction}",
  author   = "de Oliveira, Saulo H P and Law, Eleanor C and Shi, Jiye and
              Deane, Charlotte M",
  journal  = "Bioinformatics",
  volume   =  34,
  number   =  7,
  pages    = "1132--1140",
  year     =  2018,
  issn     = "1367-4803, 1367-4811",
  pmid     = "29136098",
  doi      = "10.1093/bioinformatics/btx722",
  pmc      = "PMC6030820"
}
@ARTICLE{Delaglio2000-fx,
  title     = "{Protein Structure Determination Using Molecular Fragment
               Replacement and NMR Dipolar Couplings}",
  author    = "Delaglio, Frank and Kontaxis, Georg and Bax, Ad",
  journal   = "J. Am. Chem. Soc.",
  publisher = "American Chemical Society",
  volume    =  122,
  number    =  9,
  pages     = "2142--2143",
  year      =  2000,
  issn      = "0002-7863",
  doi       = "10.1021/ja993603n"
}
@BOOK{Delano2002-hm,
  title     = "{The PyMOL Molecular Graphics System}",
  author    = "{Delano} and L, W",
  journal   = "http://www.pymol.org",
  publisher = "DeLano Scientific",
  year      =  2002,
  address   = "San Carlos",
}
@ARTICLE{Derebe2011-bp,
  title    = "{Tuning the ion selectivity of tetrameric cation channels by
              changing the number of ion binding sites}",
  author   = "Derebe, Mehabaw G and Sauer, David B and Zeng, Weizhong and Alam,
              Amer and Shi, Ning and Jiang, Youxing",
  journal  = "Proc. Natl. Acad. Sci. U. S. A.",
  volume   =  108,
  number   =  2,
  pages    = "598--602",
  year     =  2011,
  issn     = "0027-8424, 1091-6490",
  pmid     = "21187421",
  doi      = "10.1073/pnas.1013636108",
  pmc      = "PMC3021048"
}
@ARTICLE{Du2016-hl,
  title    = "{Prediction of residue-residue contact matrix for protein-protein
              interaction with Fisher score features and deep learning}",
  author   = "Du, Tianchuan and Liao, Li and Wu, Cathy H and Sun, Bilin",
  journal  = "Methods",
  volume   =  110,
  pages    = "97--105",
  year     =  2016,
  keywords = "Contact matrix; Deep learning; Deep neural networks; Machine
              learning; Protein-protein interaction; Stacked autoencoders",
  issn     = "1046-2023, 1095-9130",
  pmid     = "27282356",
  doi      = "10.1016/j.ymeth.2016.06.001"
}
@ARTICLE{Dunn2008-ao,
  title    = "{Mutual information without the influence of phylogeny or entropy
              dramatically improves residue contact prediction}",
  author   = "Dunn, S D and Wahl, L M and Gloor, G B",
  journal  = "Bioinformatics",
  volume   =  24,
  number   =  3,
  pages    = "333--340",
  year     =  2008,
  issn     = "1367-4803, 1367-4811",
  pmid     = "18057019",
  doi      = "10.1093/bioinformatics/btm604"
}
@ARTICLE{Edman2002-ci,
  title    = "{Early structural rearrangements in the photocycle of an integral
              membrane sensory receptor}",
  author   = "Edman, Karl and Royant, Antoine and Nollert, Peter and Maxwell,
              Carrie A and Pebay-Peyroula, Eva and Navarro, Javier and Neutze,
              Richard and Landau, Ehud M",
  journal  = "Structure",
  volume   =  10,
  number   =  4,
  pages    = "473--482",
  year     =  2002,
  keywords = "Archael rhodopsins; Kinetic crystallography; Sensory rhodopsin
              II; Signal transduction; Structural intermediates; Structural
              mechanism",
  issn     = "0969-2126",
  pmid     = "11937052",
  doi      = "10.1016/S0969-2126(02)00736-0"
}
@ARTICLE{Ekeberg2013-ay,
  title    = "{Improved contact prediction in proteins: using pseudolikelihoods
              to infer Potts models}",
  author   = "Ekeberg, Magnus and L{\"o}vkvist, Cecilia and Lan, Yueheng and
              Weigt, Martin and Aurell, Erik",
  journal  = "Phys. Rev. E Stat. Nonlin. Soft Matter Phys.",
  volume   =  87,
  number   =  1,
  pages    = "012707",
  year     =  2013,
  issn     = "1539-3755, 1550-2376",
  pmid     = "23410359",
  doi      = "10.1103/PhysRevE.87.012707"
}
@ARTICLE{Ekeberg2014-kf,
  title    = "{Fast pseudolikelihood maximization for direct-coupling analysis
              of protein structure from many homologous amino-acid sequences}",
  author   = "Ekeberg, Magnus and Hartonen, Tuomo and Aurell, Erik",
  journal  = "J. Comput. Phys.",
  volume   =  276,
  pages    = "341--356",
  year     =  2014,
  keywords = "Contact map; Direct-coupling analysis; Inference; Potts model;
              Protein structure prediction; Pseudolikelihood",
  issn     = "0021-9991, 1090-2716",
  arxivid  = "1401.4832v1",
  doi      = "10.1016/j.jcp.2014.07.024"
}
@ARTICLE{Eklund1992-gz,
  title    = "{Structure of oxidized bacteriophage T4 glutaredoxin
              (thioredoxin). Refinement of native and mutant proteins}",
  author   = "Eklund, H and Ingelman, M and S{\"o}derberg, B O and Uhlin, T and
              Nordlund, P and Nikkola, M and Sonnerstam, U and Joelson, T and
              Petratos, K",
  journal  = "J. Mol. Biol.",
  volume   =  228,
  number   =  2,
  pages    = "596--618",
  year     =  1992,
  issn     = "0022-2836",
  pmid     = "1453466",
  doi      = "10.1016/0022-2836(92)90844-A"
}
@ARTICLE{Ellis2010-zs,
  title    = "{Directionality in protein fold prediction}",
  author   = "Ellis, Jonathan J and Huard, Fabien P E and Deane, Charlotte M
              and Srivastava, Sheenal and Wood, Graham R",
  journal  = "BMC Bioinformatics",
  volume   =  11,
  pages    = "172",
  year     =  2010,
  issn     = "1471-2105",
  pmid     = "20374616",
  doi      = "10.1186/1471-2105-11-172",
  pmc      = "PMC2871273"
}
@ARTICLE{Erkens2011-vs,
  title    = "{The structural basis of modularity in ECF-type ABC transporters}",
  author   = "Erkens, Guus B and Berntsson, Ronnie P-A and Fulyani, Faizah and
              Majsnerowska, Maria and Vuji{\v c}i{\'c}-{\v Z}agar, Andreja and
              Ter Beek, Josy and Poolman, Bert and Slotboom, Dirk Jan",
  journal  = "Nat. Struct. Mol. Biol.",
  volume   =  18,
  number   =  7,
  pages    = "755--760",
  year     =  2011,
  issn     = "1545-9993",
  pmid     = "21706007",
  doi      = "10.1038/nsmb.2073"
}
@ARTICLE{Fernandez-Fuentes2010-ea,
  title    = "{Structural characteristics of novel protein folds}",
  author   = "Fernandez-Fuentes, Narcis and Dybas, Joseph M and Fiser, Andras",
  journal  = "PLoS Comput. Biol.",
  volume   =  6,
  number   =  4,
  pages    = "e1000750",
  year     =  2010,
  issn     = "1553-734X, 1553-7358",
  pmid     = "20421995",
  doi      = "10.1371/journal.pcbi.1000750",
  pmc      = "PMC2858679"
}
@ARTICLE{Fields1994-zx,
  title    = "{Accuracy and precision in protein crystal structure analysis: two
              independent refinements of the structure of poplar plastocyanin
              at 173 K}",
  author   = "Fields, B A and Bartsch, H H and Bartunik, H D and Cordes, F and
              Guss, J M and Freeman, H C",
  journal  = "Acta Crystallogr. D Biol. Crystallogr.",
  volume   =  50,
  number   = "Pt 5",
  pages    = "709--730",
  year     =  1994,
  issn     = "0907-4449",
  pmid     = "15299368",
  doi      = "10.1107/S0907444994003021"
}
@ARTICLE{Finn2016-zo,
  title    = "{The Pfam protein families database: towards a more sustainable
              future}",
  author   = "Finn, Robert D and Coggill, Penelope and Eberhardt, Ruth Y and
              Eddy, Sean R and Mistry, Jaina and Mitchell, Alex L and Potter,
              Simon C and Punta, Marco and Qureshi, Matloob and
              Sangrador-Vegas, Amaia and Salazar, Gustavo A and Tate, John and
              Bateman, Alex",
  journal  = "Nucleic Acids Res.",
  volume   =  44,
  number   = "D1",
  pages    = "D279--85",
  year     =  2016,
  issn     = "0305-1048, 1362-4962",
  pmid     = "26673716",
  doi      = "10.1093/nar/gkv1344",
  pmc      = "PMC4702930"
}
@ARTICLE{Friedrich1913-vx,
  title   = "{Interferenzerscheinungen bei R{\"o}ntgenstrahlen}",
  author  = "Friedrich, W and Knipping, P and Laue, M",
  journal = "Ann. Phys.",
  volume  =  346,
  number  =  10,
  pages   = "971--988",
  year    =  1913,
  issn    = "0003-3804, 1521-3889",
  doi     = "10.1002/andp.19133461004"
}
@ARTICLE{Frishman1995-si,
  title    = "{Knowledge-based protein secondary structure assignment}",
  author   = "Frishman, D and Argos, P",
  journal  = "Proteins",
  volume   =  23,
  number   =  4,
  pages    = "566--579",
  year     =  1995,
  keywords = "hydrogen bond; protein structure analysis; torsional angle;
              $\alpha$‐helix; $\beta$‐sheet",
  issn     = "0887-3585",
  pmid     = "8749853",
  doi      = "10.1002/prot.340230412"
}
@ARTICLE{Fujinaga1987-vh,
  title   = "{Experiences with a new translation-function program}",
  author  = "Fujinaga, M and Read, R J",
  journal = "J. Appl. Crystallogr.",
  volume  =  20,
  number  =  6,
  pages   = "517--521",
  year    =  1987,
  issn    = "0021-8898",
  doi     = "10.1107/S0021889887086102"
}
@ARTICLE{Glykos2000-gc,
  title    = "{A stochastic approach to molecular replacement}",
  author   = "Glykos, N M and Kokkinidis, M",
  journal  = "Acta Crystallogr. D Biol. Crystallogr.",
  volume   =  56,
  number   = "Pt 2",
  pages    = "169--174",
  year     =  2000,
  issn     = "0907-4449",
  pmid     = "10666596"
}
@ARTICLE{Gobel1994-rp,
  title    = "{Correlated mutations and residue contacts in proteins}",
  author   = "G{\"o}bel, U and Sander, C and Schneider, R and Valencia, A",
  journal  = "Proteins",
  volume   =  18,
  number   =  4,
  pages    = "309--317",
  year     =  1994,
  issn     = "0887-3585",
  pmid     = "8208723",
  doi      = "10.1002/prot.340180402"
}
@ARTICLE{Gobl2014-gc,
  title    = "{NMR approaches for structural analysis of multidomain proteins
              and complexes in solution}",
  author   = "G{\"o}bl, Christoph and Madl, Tobias and Simon, Bernd and
              Sattler, Michael",
  journal  = "Prog. Nucl. Magn. Reson. Spectrosc.",
  volume   =  80,
  pages    = "26--63",
  year     =  2014,
  issn     = "0079-6565, 1873-3301",
  pmid     = "24924266",
  doi      = "10.1016/j.pnmrs.2014.05.003"
}
@ARTICLE{Gonzalez2013-wg,
  title     = "{Prediction of contact matrix for protein--protein interaction}",
  author    = "Gonz{\'a}lez, Alvaro J and Liao, Li and Wu, Cathy H",
  journal   = "Bioinformatics",
  publisher = "Oxford University Press",
  volume    =  29,
  number    =  8,
  pages     = "1018--1025",
  year      =  2013,
  issn      = "1367-4803",
  doi       = "10.1093/bioinformatics/btt076"
}
@ARTICLE{Graille2005-at,
  title    = "{Activation of the LicT transcriptional antiterminator involves a
              domain swing/lock mechanism provoking massive structural changes}",
  author   = "Graille, Marc and Zhou, Cong-Zhao and Receveur-Br{\'e}chot,
              V{\'e}ronique and Collinet, Bruno and Declerck, Nathalie and van
              Tilbeurgh, Herman",
  journal  = "J. Biol. Chem.",
  volume   =  280,
  number   =  15,
  pages    = "14780--14789",
  year     =  2005,
  issn     = "0021-9258",
  pmid     = "15699035",
  doi      = "10.1074/jbc.M414642200"
}
@ARTICLE{Grigg2011-uj,
  title    = "{Iron-coordinating tyrosine is a key determinant of NEAT domain
              heme transfer}",
  author   = "Grigg, Jason C and Mao, Cherry X and Murphy, Michael E P",
  journal  = "J. Mol. Biol.",
  volume   =  413,
  number   =  3,
  pages    = "684--698",
  year     =  2011,
  keywords = "Gram positive; Staphylococcus aureus; nutrient; pathogenesis;
              receptor",
  issn     = "0022-2836, 1089-8638",
  pmid     = "21893067",
  doi      = "10.1016/j.jmb.2011.08.047"
}
@ARTICLE{Grizot2001-ju,
  title    = "{The active N-terminal region of p67phox. Structure at 1.8 A
              resolution and biochemical characterizations of the A128V mutant
              implicated in chronic granulomatous disease}",
  author   = "Grizot, S and Fieschi, F and Dagher, M C and Pebay-Peyroula, E",
  journal  = "J. Biol. Chem.",
  volume   =  276,
  number   =  24,
  pages    = "21627--21631",
  year     =  2001,
  issn     = "0021-9258",
  pmid     = "11262407",
  doi      = "10.1074/jbc.M100893200"
}
@ARTICLE{Gront2011-sv,
  title    = "{Generalized fragment picking in Rosetta: design, protocols and
              applications}",
  author   = "Gront, Dominik and Kulp, Daniel W and Vernon, Robert M and
              Strauss, Charlie E M and Baker, David",
  journal  = "PLoS One",
  volume   =  6,
  number   =  8,
  pages    = "e23294",
  year     =  2011,
  issn     = "1932-6203",
  pmid     = "21887241",
  doi      = "10.1371/journal.pone.0023294",
  pmc      = "PMC3160850"
}
@ARTICLE{Hayashi2002-gj,
  title    = "{The focal adhesion targeting (FAT) region of focal adhesion
              kinase is a four-helix bundle that binds paxillin}",
  author   = "Hayashi, Ikuko and Vuori, Kristiina and Liddington, Robert C",
  journal  = "Nat. Struct. Biol.",
  volume   =  9,
  number   =  2,
  pages    = "101--106",
  year     =  2002,
  issn     = "1072-8368",
  pmid     = "11799401",
  doi      = "10.1038/nsb755"
}
@ARTICLE{Hayat2015-ut,
  title    = "{All-atom 3D structure prediction of transmembrane $\beta$-barrel
              proteins from sequences}",
  author   = "Hayat, Sikander and Sander, Chris and Marks, Debora S and
              Elofsson, Arne",
  journal  = "Proc. Natl. Acad. Sci. U. S. A.",
  volume   =  112,
  number   =  17,
  pages    = "5413--5418",
  year     =  2015,
  keywords = "de novo 3D structure prediction; evolutionary couplings; hydrogen
              bonding; maximum-entropy analysis; transmembrane $\beta$-barrels",
  issn     = "0027-8424, 1091-6490",
  pmid     = "25858953",
  doi      = "10.1073/pnas.1419956112",
  pmc      = "PMC4418893"
}
@ARTICLE{He2013-gm,
  title    = "{Protein structural model selection by combining consensus and
              single scoring methods}",
  author   = "He, Zhiquan and Alazmi, Meshari and Zhang, Jingfen and Xu, Dong",
  journal  = "PLoS One",
  volume   =  8,
  number   =  9,
  pages    = "e74006",
  year     =  2013,
  issn     = "1932-6203",
  pmid     = "24023923",
  doi      = "10.1371/journal.pone.0074006",
  pmc      = "PMC3759460"
}
@ARTICLE{He2017-fn,
  title    = "{NeBcon: protein contact map prediction using neural network
              training coupled with na{\"\i}ve Bayes classifiers}",
  author   = "He, Baoji and Mortuza, S M and Wang, Yanting and Shen, Hong-Bin
              and Zhang, Yang",
  journal  = "Bioinformatics",
  volume   =  33,
  number   =  15,
  pages    = "2296--2306",
  year     =  2017,
  issn     = "1367-4803, 1367-4811",
  pmid     = "28369334",
  doi      = "10.1093/bioinformatics/btx164",
  pmc      = "PMC5860114"
}
@ARTICLE{Heffernan2015-bt,
  title    = "{Improving prediction of secondary structure, local backbone
              angles, and solvent accessible surface area of proteins by
              iterative deep learning}",
  author   = "Heffernan, Rhys and Paliwal, Kuldip and Lyons, James and
              Dehzangi, Abdollah and Sharma, Alok and Wang, Jihua and Sattar,
              Abdul and Yang, Yuedong and Zhou, Yaoqi",
  journal  = "Sci. Rep.",
  volume   =  5,
  pages    = "11476",
  year     =  2015,
  issn     = "2045-2322",
  pmid     = "26098304",
  doi      = "10.1038/srep11476",
  pmc      = "PMC4476419"
}
@ARTICLE{Ho2009-sx,
  title    = "{Crystal structure of human aquaporin 4 at 1.8 A and its mechanism
              of conductance}",
  author   = "Ho, Joseph D and Yeh, Ronald and Sandstrom, Andrew and Chorny,
              Ilya and Harries, William E C and Robbins, Rebecca A and Miercke,
              Larry J W and Stroud, Robert M",
  journal  = "Proc. Natl. Acad. Sci. U. S. A.",
  volume   =  106,
  number   =  18,
  pages    = "7437--7442",
  year     =  2009,
  issn     = "0027-8424, 1091-6490",
  pmid     = "19383790",
  doi      = "10.1073/pnas.0902725106",
  pmc      = "PMC2678640"
}
@ARTICLE{Hodgkin1956-mx,
  title    = "{Structure of vitamin B12}",
  author   = "Hodgkin, D C and Kamper, J and Mackay, M and Pickworth, J and
              Trueblood, K N and White, J G",
  journal  = "Nature",
  volume   =  178,
  number   =  4524,
  pages    = "64--66",
  year     =  1956,
  keywords = "VITAMIN B12",
  issn     = "0028-0836",
  pmid     = "13348621"
}
@ARTICLE{Hopf2012-zl,
  title    = "{Three-dimensional structures of membrane proteins from genomic
              sequencing}",
  author   = "Hopf, Thomas A and Colwell, Lucy J and Sheridan, Robert and Rost,
              Burkhard and Sander, Chris and Marks, Debora S",
  journal  = "Cell",
  volume   =  149,
  number   =  7,
  pages    = "1607--1621",
  year     =  2012,
  issn     = "0092-8674, 1097-4172",
  pmid     = "22579045",
  doi      = "10.1016/j.cell.2012.04.012",
  pmc      = "PMC3641781"
}
@ARTICLE{Hopf2015-vf,
  title    = "{Amino acid coevolution reveals three-dimensional structure and
              functional domains of insect odorant receptors}",
  author   = "Hopf, Thomas A and Morinaga, Satoshi and Ihara, Sayoko and
              Touhara, Kazushige and Marks, Debora S and Benton, Richard",
  journal  = "Nat. Commun.",
  volume   =  6,
  pages    = "6077",
  year     =  2015,
  issn     = "2041-1723",
  pmid     = "25584517",
  doi      = "10.1038/ncomms7077",
  pmc      = "PMC4364406"
}
@INCOLLECTION{Hopf2017-pp,
  title     = "{Protein Structures, Interactions and Function from Evolutionary
               Couplings}",
  booktitle = "{From Protein Structure to Function with Bioinformatics}",
  author    = "Hopf, Thomas A and Marks, Debora S",
  editor    = "J. Rigden, Daniel",
  publisher = "Springer Netherlands",
  pages     = "37--58",
  year      =  2017,
  address   = "Dordrecht",
  isbn      = "9789402410693",
  doi       = "10.1007/978-94-024-1069-3\_2"
}
@ARTICLE{Hotta2014-me,
  title    = "{Conversion of a disulfide bond into a thioacetal group during
              echinomycin biosynthesis}",
  author   = "Hotta, Kinya and Keegan, Ronan M and Ranganathan, Soumya and
              Fang, Minyi and Bibby, Jaclyn and Winn, Martyn D and Sato, Michio
              and Lian, Mingzhu and Watanabe, Kenji and Rigden, Daniel J and
              Kim, Chu-Young",
  journal  = "Angew. Chem. Int. Ed Engl.",
  volume   =  53,
  number   =  3,
  pages    = "824--828",
  year     =  2014,
  keywords = "biosynthesis; disulfides; peptides; thioacetals; transferases",
  issn     = "1433-7851, 1521-3773",
  pmid     = "24302672",
  doi      = "10.1002/anie.201307404"
}
@ARTICLE{Jana2014-rw,
  title    = "{From structure to function: the convergence of structure based
              models and co-evolutionary information}",
  author   = "Jana, Biman and Morcos, Faruck and Onuchic, Jos{\'e} N",
  journal  = "Phys. Chem. Chem. Phys.",
  volume   =  16,
  number   =  14,
  pages    = "6496--6507",
  year     =  2014,
  issn     = "1463-9076, 1463-9084",
  pmid     = "24603809",
  doi      = "10.1039/c3cp55275f"
}
@ARTICLE{Jenkins2018-gf,
  title     = "{Fragon: rapid high-resolution structure determination from ideal
               protein fragments}",
  author    = "Jenkins, Huw T",
  journal   = "Acta Crystallogr D Struct Biol",
  publisher = "International Union of Crystallography",
  volume    =  74,
  number    = "Pt 3",
  pages     = "205--214",
  year      =  2018,
  keywords  = "Fragon; d; density; density modification; fragon; iucr;
               modification; molecular replacement; org; protein fragments;
               supporting information; supporting information at journals; this
               article has",
  issn      = "2059-7983",
  pmid      = "29533228",
  doi       = "10.1107/S2059798318002292",
  pmc       = "PMC5947761"
}
@ARTICLE{Joh2009-ek,
  title    = "{Similar energetic contributions of packing in the core of
              membrane and water-soluble proteins}",
  author   = "Joh, Nathan H and Oberai, Amit and Yang, Duan and Whitelegge,
              Julian P and Bowie, James U",
  journal  = "J. Am. Chem. Soc.",
  volume   =  131,
  number   =  31,
  pages    = "10846--10847",
  year     =  2009,
  issn     = "0002-7863, 1520-5126",
  pmid     = "19603754",
  doi      = "10.1021/ja904711k",
  pmc      = "PMC2744480"
}
@ARTICLE{Johnson2010-uz,
  title    = "{Hidden Markov model speed heuristic and iterative HMM search
              procedure}",
  author   = "Johnson, L Steven and Eddy, Sean R and Portugaly, Elon",
  journal  = "BMC Bioinformatics",
  volume   =  11,
  pages    = "431",
  year     =  2010,
  issn     = "1471-2105",
  pmid     = "20718988",
  doi      = "10.1186/1471-2105-11-431",
  pmc      = "PMC2931519"
}
@ARTICLE{Jones1986-rd,
  title    = "{Using known substructures in protein model building and
              crystallography}",
  author   = "Jones, T A and Thirup, S",
  journal  = "EMBO J.",
  volume   =  5,
  number   =  4,
  pages    = "819--822",
  year     =  1986,
  keywords = "Models; Molecular; Protein Conformation; Retinol-Binding
              Proteins; Structure-Activity Relationship; X-Ray Diffraction;
              X-Ray Diffraction: methods",
  issn     = "0261-4189",
  pmid     = "3709525",
  pmc      = "PMC1166864"
}
@ARTICLE{Jones1999-ed,
  title    = "{Protein secondary structure prediction based on position-specific
              scoring matrices}",
  author   = "Jones, D T",
  journal  = "J. Mol. Biol.",
  volume   =  292,
  number   =  2,
  pages    = "195--202",
  year     =  1999,
  keywords = "Neural network; Protein folding; Protein structure prediction;
              Secondary structure; Sequence analysis",
  issn     = "0022-2836",
  pmid     = "10493868",
  arxivid  = "0-387-31073-8",
  doi      = "10.1006/jmbi.1999.3091"
}
@ARTICLE{Jones2001-mc,
  title    = "{Predicting novel protein folds by using FRAGFOLD}",
  author   = "Jones, D T",
  journal  = "Proteins",
  volume   = "Suppl 5",
  pages    = "127--132",
  year     =  2001,
  issn     = "0887-3585",
  pmid     = "11835489",
  doi      = "10.1002/prot.1171"
}
@ARTICLE{Jones2012-ks,
  title    = "{PSICOV: precise structural contact prediction using sparse
              inverse covariance estimation on large multiple sequence
              alignments}",
  author   = "Jones, David T and Buchan, Daniel W A and Cozzetto, Domenico and
              Pontil, Massimiliano",
  journal  = "Bioinformatics",
  volume   =  28,
  number   =  2,
  pages    = "184--190",
  year     =  2012,
  issn     = "1367-4803, 1367-4811",
  pmid     = "22101153",
  arxivid  = "http://bioinformatics.oxfordjournals.org/content/suppl/2011/11/29/btr638.DC1/target.txt",
  doi      = "10.1093/bioinformatics/btr638"
}
@ARTICLE{Jones2015-vq,
  title    = "{MetaPSICOV: combining coevolution methods for accurate prediction
              of contacts and long range hydrogen bonding in proteins}",
  author   = "Jones, David T and Singh, Tanya and Kosciolek, Tomasz and
              Tetchner, Stuart",
  journal  = "Bioinformatics",
  volume   =  31,
  number   =  7,
  pages    = "999--1006",
  year     =  2015,
  issn     = "1367-4803, 1367-4811",
  pmid     = "25431331",
  doi      = "10.1093/bioinformatics/btu791",
  pmc      = "PMC4382908"
}
@ARTICLE{Kajan2014-bx,
  title    = "{FreeContact: fast and free software for protein contact
              prediction from residue co-evolution}",
  author   = "Kaj{\'a}n, L{\'a}szl{\'o} and Hopf, Thomas A and Kala{\v s},
              Mat{\'u}{\v s} and Marks, Debora S and Rost, Burkhard",
  journal  = "BMC Bioinformatics",
  volume   =  15,
  number   =  1,
  pages    = "85",
  year     =  2014,
  keywords = "2D prediction; BioXSD; Debian package; EVcouplings; EVfold; Fast
              protein contact prediction; Open-source software; PSICOV; Protein
              sequence analysis; Protein structure prediction; mfDCA",
  issn     = "1471-2105",
  pmid     = "24669753",
  doi      = "10.1186/1471-2105-15-85",
  pmc      = "PMC3987048"
}
@ARTICLE{Kalev2011-sz,
  title    = "{HHfrag: HMM-based fragment detection using HHpred}",
  author   = "Kalev, Ivan and Habeck, Michael",
  journal  = "Bioinformatics",
  volume   =  27,
  number   =  22,
  pages    = "3110--3116",
  year     =  2011,
  issn     = "1367-4803, 1367-4811",
  pmid     = "21965821",
  doi      = "10.1093/bioinformatics/btr541"
}
@ARTICLE{Kamisetty2013-le,
  title    = "{Assessing the utility of coevolution-based residue-residue
              contact predictions in a sequence- and structure-rich era}",
  author   = "Kamisetty, Hetunandan and Ovchinnikov, Sergey and Baker, David",
  journal  = "Proc. Natl. Acad. Sci. U. S. A.",
  volume   =  110,
  number   =  39,
  pages    = "15674--15679",
  year     =  2013,
  keywords = "markov random field; maximum-entropy model; protein coevolution",
  issn     = "0027-8424, 1091-6490",
  pmid     = "24009338",
  doi      = "10.1073/pnas.1314045110",
  pmc      = "PMC3785744"
}
@ARTICLE{Karplus2011-jh,
  title    = "{Behind the folding funnel diagram}",
  author   = "Karplus, Martin",
  journal  = "Nat. Chem. Biol.",
  volume   =  7,
  number   =  7,
  pages    = "401--404",
  year     =  2011,
  issn     = "1552-4450, 1552-4469",
  pmid     = "21685880",
  doi      = "10.1038/nchembio.565"
}
@ARTICLE{Keegan2015-zb,
  title    = "{Exploring the speed and performance of molecular replacement with
              AMPLE using QUARK ab initio protein models}",
  author   = "Keegan, Ronan M and Bibby, Jaclyn and Thomas, Jens and Xu, Dong
              and Zhang, Yang and Mayans, Olga and Winn, Martyn D and Rigden,
              Daniel J",
  journal  = "Acta Crystallogr. D Biol. Crystallogr.",
  volume   =  71,
  number   = "Pt 2",
  pages    = "338--343",
  year     =  2015,
  keywords = "AMPLE; QUARK; ROSETTA; ab initio modelling; molecular replacement",
  issn     = "0907-4449, 1399-0047",
  pmid     = "25664744",
  doi      = "10.1107/S1399004714025784",
  pmc      = "PMC4321487"
}
@ARTICLE{Keegan2018-kn,
  title     = "{Recent developments in {\textbackslashit MrBUMP}: better
               search-model preparation, graphical interaction with search
               models, and solution improvement and assessment}",
  author    = "Keegan, Ronan M and McNicholas, Stuart J and Thomas, Jens M H
               and Simpkin, Adam J and Simkovic, Felix and Uski, Ville and
               Ballard, Charles C and Winn, Martyn D and Wilson, Keith S and
               Rigden, Daniel J",
  journal   = "Acta Crystallogr. D Biol. Crystallogr.",
  publisher = "International Union of Crystallography",
  volume    =  74,
  number    =  3,
  pages     = "167--182",
  year      =  2018,
  keywords  = "CCP4; MrBUMP; automated structure solution; ccp 4 pipeline;
               molecular replacement; mrbump; pipeline; CCP4 pipeline",
  issn      = "0907-4449, 2059-7983",
  doi       = "10.1107/S2059798318003455"
}
@ARTICLE{Kendrew1958-on,
  title    = "{A three-dimensional model of the myoglobin molecule obtained by
              x-ray analysis}",
  author   = "Kendrew, J C and Bodo, G and Dintzis, H M and Parrish, R G and
              Wyckoff, H and Phillips, D C",
  journal  = "Nature",
  volume   =  181,
  number   =  4610,
  pages    = "662--666",
  year     =  1958,
  keywords = "HEMOGLOBIN",
  issn     = "0028-0836",
  pmid     = "13517261",
  doi      = "10.1038/181662a0"
}
@ARTICLE{Kim2002-vg,
  title    = "{The SAM domain of polyhomeotic forms a helical polymer}",
  author   = "Kim, Chongwoo A and Gingery, Mari and Pilpa, Rosemarie M and
              Bowie, James U",
  journal  = "Nat. Struct. Biol.",
  volume   =  9,
  number   =  6,
  pages    = "453--457",
  year     =  2002,
  issn     = "1072-8368",
  pmid     = "11992127",
  doi      = "10.1038/nsb802"
}
@ARTICLE{Kinch2011-py,
  title    = "{CASP9 assessment of free modeling target predictions}",
  author   = "Kinch, Lisa and Yong Shi, Shuo and Cong, Qian and Cheng, Hua and
              Liao, Yuxing and Grishin, Nick V",
  journal  = "Proteins",
  volume   = "79 Suppl 10",
  pages    = "59--73",
  year     =  2011,
  issn     = "0887-3585, 1097-0134",
  pmid     = "21997521",
  doi      = "10.1002/prot.23181",
  pmc      = "PMC3226891"
}
@ARTICLE{Kissinger1999-ho,
  title    = "{Rapid automated molecular replacement by evolutionary search}",
  author   = "Kissinger, C R and Gehlhaar, D K and Fogel, D B",
  journal  = "Acta Crystallogr. D Biol. Crystallogr.",
  volume   =  55,
  number   = "Pt 2",
  pages    = "484--491",
  year     =  1999,
  issn     = "0907-4449",
  pmid     = "10089360"
}
@ARTICLE{Klaholz2000-ux,
  title    = "{Structural basis for isotype selectivity of the human retinoic
              acid nuclear receptor}",
  author   = "Klaholz, B P and Mitschler, A and Moras, D",
  journal  = "J. Mol. Biol.",
  volume   =  302,
  number   =  1,
  pages    = "155--170",
  year     =  2000,
  keywords = "Crystal structure; Isotype selectivity; Nuclear receptor RAR;
              Retinoids; Structure-based drug design",
  issn     = "0022-2836",
  pmid     = "10964567",
  doi      = "10.1006/jmbi.2000.4032"
}
@ARTICLE{Kontaxis2005-ea,
  title    = "{Molecular fragment replacement approach to protein structure
              determination by chemical shift and dipolar homology database
              mining}",
  author   = "Kontaxis, Georg and Delaglio, Frank and Bax, Ad",
  journal  = "Methods Enzymol.",
  volume   =  394,
  pages    = "42--78",
  year     =  2005,
  issn     = "0076-6879",
  pmid     = "15808217",
  doi      = "10.1016/S0076-6879(05)94003-2"
}
@ARTICLE{Kosciolek2014-bt,
  title    = "{De novo structure prediction of globular proteins aided by
              sequence variation-derived contacts}",
  author   = "Kosciolek, Tomasz and Jones, David T",
  journal  = "PLoS One",
  volume   =  9,
  number   =  3,
  pages    = "e92197",
  year     =  2014,
  issn     = "1932-6203",
  pmid     = "24637808",
  doi      = "10.1371/journal.pone.0092197",
  pmc      = "PMC3956894"
}
@ARTICLE{Krivov2009-ex,
  title     = "{Improved prediction of protein side-chain conformations with
               SCWRL4}",
  author    = "Krivov, Georgii G and Shapovalov, Maxim V and Dunbrack, Jr,
               Roland L",
  journal   = "Proteins",
  publisher = "Wiley Online Library",
  volume    =  77,
  number    =  4,
  pages     = "778--795",
  year      =  2009,
  issn      = "0887-3585, 1097-0134",
  pmid      = "19603484",
  doi       = "10.1002/prot.22488",
  pmc       = "PMC2885146"
}
@ARTICLE{Kryshtafovych2016-aq,
  title    = "{Methods of model accuracy estimation can help selecting the best
              models from decoy sets: Assessment of model accuracy estimations
              in CASP11}",
  author   = "Kryshtafovych, Andriy and Barbato, Alessandro and Monastyrskyy,
              Bohdan and Fidelis, Krzysztof and Schwede, Torsten and
              Tramontano, Anna",
  journal  = "Proteins",
  volume   = "84 Suppl 1",
  pages    = "349--369",
  year     =  2016,
  issn     = "0887-3585, 1097-0134",
  pmid     = "26344049",
  doi      = "10.1002/prot.24919",
  pmc      = "PMC4781682"
}
@ARTICLE{Kuser2002-gh,
  title    = "{The mechanism of iron uptake by transferrins: the X-ray
              structures of the 18 kDa NII domain fragment of duck
              ovotransferrin and its nitrilotriacetate complex}",
  author   = "Kuser, Paula and Hall, David R and Haw, Mei Ling and Neu,
              Margarete and Evans, Robert W and Lindley, Peter F",
  journal  = "Acta Crystallogr. D Biol. Crystallogr.",
  volume   =  58,
  number   = "Pt 5",
  pages    = "777--783",
  year     =  2002,
  issn     = "0907-4449",
  pmid     = "11976488",
  doi      = "10.1107/S0907444902003724"
}
@ARTICLE{Lamzin2001-cn,
  title     = "{The ARP/WARP suite for automated construction and refinement of
               protein models}",
  author    = "Lamzin, V S and Perrakis, A and Wilson, K S",
  journal   = "International Tables for Crystallography",
  publisher = "Kluwer Academic Publishers Dordrecht, The Netherlands",
  pages     = "720--722",
  year      =  2001
}
@ARTICLE{Lange2012-yh,
  title    = "{Determination of solution structures of proteins up to 40 kDa
              using CS-Rosetta with sparse NMR data from deuterated samples}",
  author   = "Lange, Oliver F and Rossi, Paolo and Sgourakis, Nikolaos G and
              Song, Yifan and Lee, Hsiau-Wei and Aramini, James M and Ertekin,
              Asli and Xiao, Rong and Acton, Thomas B and Montelione, Gaetano T
              and Baker, David",
  journal  = "Proc. Natl. Acad. Sci. U. S. A.",
  volume   =  109,
  number   =  27,
  pages    = "10873--10878",
  year     =  2012,
  issn     = "0027-8424, 1091-6490",
  pmid     = "22733734",
  doi      = "10.1073/pnas.1203013109",
  pmc      = "PMC3390869"
}
@INCOLLECTION{Lapedes1999-cg,
  title     = "{Correlated mutations in models of protein sequences:
               phylogenetic and structural effects}",
  booktitle = "{Statistics in molecular biology and genetics}",
  author    = "Lapedes, Alan S and Giraud, Bertrand and Liu, Lonchang and
               Stormo, Gary D",
  publisher = "Institute of Mathematical Statistics",
  pages     = "236--256",
  year      =  1999,
  isbn      = "9780940600478",
  doi       = "10.1214/lnms/1215455556"
}
@ARTICLE{Lapedes2012-tu,
  title         = "{Using Sequence Alignments to Predict Protein Structure and
                   Stability With High Accuracy}",
  author        = "Lapedes, Alan and Giraud, Bertrand and Jarzynski,
                   Christopher",
  year          =  2012,
  journal       = "arXiv",
  pages         = "1207.2484",
  archivePrefix = "arXiv",
  eprint        = "1207.2484",
  primaryClass  = "q-bio.QM",
  arxivid       = "1207.2484"
}
@ARTICLE{Laue1913-sn,
  title   = "{Eine quantitative Pr{\"u}fung der Theorie f{\"u}r die
             Interferenzerscheinungen bei R{\"o}ntgenstrahlen}",
  author  = "Laue, M",
  journal = "Ann. Phys.",
  volume  =  346,
  number  =  10,
  pages   = "989--1002",
  year    =  1913,
  issn    = "0003-3804, 1521-3889",
  doi     = "10.1002/andp.19133461005"
}
@ARTICLE{Lee2005-dl,
  title    = "{Structural basis for conductance by the archaeal aquaporin AqpM
              at 1.68 A}",
  author   = "Lee, John K and Kozono, David and Remis, Jonathan and Kitagawa,
              Yoshichika and Agre, Peter and Stroud, Robert M",
  journal  = "Proc. Natl. Acad. Sci. U. S. A.",
  volume   =  102,
  number   =  52,
  pages    = "18932--18937",
  year     =  2005,
  issn     = "0027-8424",
  pmid     = "16361443",
  doi      = "10.1073/pnas.0509469102",
  pmc      = "PMC1323191"
}
@INCOLLECTION{Lee2017-oc,
  title     = "{Ab Initio Protein Structure Prediction}",
  booktitle = "{From Protein Structure to Function with Bioinformatics}",
  author    = "Lee, Jooyoung and Freddolino, Peter L and Zhang, Yang",
  editor    = "J. Rigden, Daniel",
  publisher = "Springer Netherlands",
  volume    =  69,
  pages     = "3--35",
  year      =  2017,
  address   = "Dordrecht",
  isbn      = "9789402410693, 9789402410693",
  doi       = "10.1007/978-94-024-1069-3\_1"
}
@ARTICLE{Leopold1992-yf,
  title    = "{Protein folding funnels: a kinetic approach to the
              sequence-structure relationship}",
  author   = "Leopold, P E and Montal, M and Onuchic, J N",
  journal  = "Proc. Natl. Acad. Sci. U. S. A.",
  volume   =  89,
  number   =  18,
  pages    = "8721--8725",
  year     =  1992,
  issn     = "0027-8424",
  pmid     = "1528885",
  pmc      = "PMC49992"
}
@ARTICLE{Levinthal1969-bn,
  title     = "{How to fold graciously}",
  author    = "Levinthal, Cyrus",
  journal   = "Mossbauer spectroscopy in biological systems",
  publisher = "University of Illinois Press Urbana, IL",
  volume    =  67,
  pages     = "22--24",
  year      =  1969
}
@ARTICLE{Li2008-xu,
  title    = "{Designing succinct structural alphabets}",
  author   = "Li, Shuai Cheng and Bu, Dongbo and Gao, Xin and Xu, Jinbo and Li,
              Ming",
  journal  = "Bioinformatics",
  volume   =  24,
  number   =  13,
  pages    = "i182--9",
  year     =  2008,
  issn     = "1367-4803, 1367-4811",
  pmid     = "18586712",
  doi      = "10.1093/bioinformatics/btn165",
  pmc      = "PMC2718643"
}
@ARTICLE{Liu2004-nx,
  title    = "{A conserved hypothetical protein from Mycoplasma genitalium shows
              structural homology to nusb proteins}",
  author   = "Liu, Jinyu and Yokota, Hisao and Kim, Rosalind and Kim, Sung-Hou",
  journal  = "Proteins",
  volume   =  55,
  number   =  4,
  pages    = "1082--1086",
  year     =  2004,
  issn     = "0887-3585, 1097-0134",
  pmid     = "15146506",
  doi      = "10.1002/prot.20119"
}
@ARTICLE{Louro2001-pm,
  title    = "{Conformational component in the coupled transfer of multiple
              electrons and protons in a monomeric tetraheme cytochrome}",
  author   = "Louro, R O and Bento, I and Matias, P M and Catarino, T and
              Baptista, A M and Soares, C M and Carrondo, M A and Turner, D L
              and Xavier, A V",
  journal  = "J. Biol. Chem.",
  volume   =  276,
  number   =  47,
  pages    = "44044--44051",
  year     =  2001,
  issn     = "0021-9258",
  pmid     = "11551953",
  doi      = "10.1074/jbc.M107136200"
}
@ARTICLE{Lowther2000-pp,
  title    = "{Structure and mechanism of peptide methionine sulfoxide
              reductase, an "anti-oxidation" enzyme}",
  author   = "Lowther, W T and Brot, N and Weissbach, H and Matthews, B W",
  journal  = "Biochemistry",
  volume   =  39,
  number   =  44,
  pages    = "13307--13312",
  year     =  2000,
  issn     = "0006-2960",
  pmid     = "11063566",
  doi      = "10.1021/bi0020269"
}
@ARTICLE{Lunin1988-lx,
  title   = "{Use of the information on electron density distribution in
             macromolecules}",
  author  = "Lunin, V Yu",
  journal = "Acta Crystallogr. A",
  volume  =  44,
  number  =  2,
  pages   = "144--150",
  year    =  1988,
  issn    = "0108-7673",
  doi     = "10.1107/S0108767387009784"
}
@ARTICLE{Ma2015-vo,
  title    = "{Protein contact prediction by integrating joint evolutionary
              coupling analysis and supervised learning}",
  author   = "Ma, Jianzhu and Wang, Sheng and Wang, Zhiyong and Xu, Jinbo",
  journal  = "Bioinformatics",
  volume   =  31,
  number   =  21,
  pages    = "3506--3513",
  year     =  2015,
  issn     = "1367-4803, 1367-4811",
  pmid     = "26275894",
  arxivid  = "1312.2988",
  doi      = "10.1093/bioinformatics/btv472",
  pmc      = "PMC4838177"
}
@ARTICLE{Makabe2007-ea,
  title    = "{Beta-strand flipping and slipping triggered by turn replacement
              reveal the opportunistic nature of beta-strand pairing}",
  author   = "Makabe, Koki and Yan, Shude and Tereshko, Valentina and Gawlak,
              Grzegorz and Koide, Shohei",
  journal  = "J. Am. Chem. Soc.",
  volume   =  129,
  number   =  47,
  pages    = "14661--14669",
  year     =  2007,
  issn     = "0002-7863, 1520-5126",
  pmid     = "17985889",
  doi      = "10.1021/ja074252c",
  pmc      = "PMC2596595"
}
@ARTICLE{Malinina2006-px,
  title    = "{The liganding of glycolipid transfer protein is controlled by
              glycolipid acyl structure}",
  author   = "Malinina, Lucy and Malakhova, Margarita L and Kanack, Alex T and
              Lu, Min and Abagyan, Ruben and Brown, Rhoderick E and Patel,
              Dinshaw J",
  journal  = "PLoS Biol.",
  volume   =  4,
  number   =  11,
  pages    = "e362",
  year     =  2006,
  issn     = "1544-9173, 1545-7885",
  pmid     = "17105344",
  doi      = "10.1371/journal.pbio.0040362",
  pmc      = "PMC1618416"
}
@ARTICLE{Mao2018-mo,
  title    = "{Identification of residue pairing in interacting $\beta$-strands
              from a predicted residue contact map}",
  author   = "Mao, Wenzhi and Wang, Tong and Zhang, Wenxuan and Gong, Haipeng",
  journal  = "BMC Bioinformatics",
  volume   =  19,
  number   =  1,
  pages    = "146",
  year     =  2018,
  keywords = "Contact map; Protein structure prediction; Random forest; Residue
              contact prediction; Ridge detection; $\beta$-$\beta$ pairing",
  issn     = "1471-2105",
  pmid     = "29673311",
  doi      = "10.1186/s12859-018-2150-1",
  pmc      = "PMC5907701"
}
@ARTICLE{Maresso2007-vi,
  title    = "{Activation of inhibitors by sortase triggers irreversible
              modification of the active site}",
  author   = "Maresso, Anthony W and Wu, Ruiying and Kern, Justin W and Zhang,
              Rongguang and Janik, Dorota and Missiakas, Dominique M and Duban,
              Mark-Eugene and Joachimiak, Andrzej and Schneewind, Olaf",
  journal  = "J. Biol. Chem.",
  volume   =  282,
  number   =  32,
  pages    = "23129--23139",
  year     =  2007,
  issn     = "0021-9258",
  pmid     = "17545669",
  arxivid  = "NIHMS150003",
  doi      = "10.1074/jbc.M701857200",
  pmc      = "PMC3366505"
}
@ARTICLE{Marks2011-os,
  title    = "{Protein 3D structure computed from evolutionary sequence
              variation}",
  author   = "Marks, Debora S and Colwell, Lucy J and Sheridan, Robert and
              Hopf, Thomas A and Pagnani, Andrea and Zecchina, Riccardo and
              Sander, Chris",
  journal  = "PLoS One",
  volume   =  6,
  number   =  12,
  pages    = "e28766",
  year     =  2011,
  issn     = "1932-6203",
  pmid     = "22163331",
  arxivid  = "1110.5091",
  doi      = "10.1371/journal.pone.0028766",
  pmc      = "PMC3233603"
}
@ARTICLE{Marks2012-ko,
  title    = "{Protein structure prediction from sequence variation}",
  author   = "Marks, Debora S and Hopf, Thomas A and Sander, Chris",
  journal  = "Nat. Biotechnol.",
  volume   =  30,
  number   =  11,
  pages    = "1072--1080",
  year     =  2012,
  issn     = "1087-0156, 1546-1696",
  pmid     = "23138306",
  doi      = "10.1038/nbt.2419",
  pmc      = "PMC4319528"
}
@ARTICLE{Matos2012-ao,
  title    = "{Autoinhibition of Mint1 adaptor protein regulates amyloid
              precursor protein binding and processing}",
  author   = "Matos, Maria F and Xu, Yibin and Dulubova, Irina and Otwinowski,
              Zbyszek and Richardson, John M and Tomchick, Diana R and Rizo,
              Josep and Ho, Angela",
  journal  = "Proc. Natl. Acad. Sci. U. S. A.",
  volume   =  109,
  number   =  10,
  pages    = "3802--3807",
  year     =  2012,
  keywords = "Adaptor Proteins; Alzheimer Disease/metabolism; Amyloid
              beta-Protein Precursor/*chemistry; Biochemistry/methods;
              Biophysics/methods; Crystallography; DNA Mutational Analysis;
              HEK293 Cells; Humans; Kinetics; Magnetic Resonance
              Spectroscopy/methods; Molecular Conformation; Nerve Tissue
              Proteins/*chemistry; Neurons/metabolism; Protein Binding; Protein
              Structure; Signal Transducing/*chemistry; Tertiary;
              Tyrosine/chemistry; X-Ray/methods",
  issn     = "0027-8424, 1091-6490",
  pmid     = "22355143",
  doi      = "10.1073/pnas.1119075109",
  pmc      = "PMC3309763"
}
@ARTICLE{McCoy2007-mp,
  title    = "{Phaser crystallographic software}",
  author   = "McCoy, Airlie J and Grosse-Kunstleve, Ralf W and Adams, Paul D
              and Winn, Martyn D and Storoni, Laurent C and Read, Randy J",
  journal  = "J. Appl. Crystallogr.",
  volume   =  40,
  number   = "Pt 4",
  pages    = "658--674",
  year     =  2007,
  keywords = "Computer programs; Likelihood; Molecular replacement; SAD
              phasing; Structural genomics",
  issn     = "0021-8898",
  pmid     = "19461840",
  doi      = "10.1107/S0021889807021206",
  pmc      = "PMC2483472"
}
@ARTICLE{McCoy2017-cz,
  title    = "{Ab initio solution of macromolecular crystal structures without
              direct methods}",
  author   = "McCoy, Airlie J and Oeffner, Robert D and Wrobel, Antoni G and
              Ojala, Juha R M and Tryggvason, Karl and Lohkamp, Bernhard and
              Read, Randy J",
  journal  = "Proc. Natl. Acad. Sci. U. S. A.",
  volume   =  114,
  number   =  14,
  pages    = "3637--3641",
  year     =  2017,
  keywords = "Shisa; ab initio phasing; crystallography; likelihood;
              macromolecular; molecular replacement; macromolecular
              crystallography",
  issn     = "0027-8424, 1091-6490",
  pmid     = "28325875",
  doi      = "10.1073/pnas.1701640114",
  pmc      = "PMC5389281"
}
@ARTICLE{Menetrey2000-nw,
  title    = "{Structure of Arf6-GDP suggests a basis for guanine nucleotide
              exchange factors specificity}",
  author   = "M{\'e}n{\'e}trey, J and Macia, E and Pasqualato, S and Franco, M
              and Cherfils, J",
  journal  = "Nat. Struct. Biol.",
  volume   =  7,
  number   =  6,
  pages    = "466--469",
  year     =  2000,
  issn     = "1072-8368",
  pmid     = "10881192",
  doi      = "10.1038/75863"
}
@ARTICLE{Merz2008-aa,
  title    = "{Stabilizing ionic interactions in a full-consensus ankyrin repeat
              protein}",
  author   = "Merz, Tobias and Wetzel, Svava K and Firbank, Susan and
              Pl{\"u}ckthun, Andreas and Gr{\"u}tter, Markus G and Mittl, Peer
              R E",
  journal  = "J. Mol. Biol.",
  volume   =  376,
  number   =  1,
  pages    = "232--240",
  year     =  2008,
  keywords = "X-ray crystallography; protein stability; repeat protein; salt
              bridge; thermodynamic stability",
  issn     = "0022-2836, 1089-8638",
  pmid     = "18155045",
  doi      = "10.1016/j.jmb.2007.11.047"
}
@ARTICLE{Metropolis1949-kp,
  title    = "{The Monte Carlo method}",
  author   = "Metropolis, N and Ulam, S",
  journal  = "J. Am. Stat. Assoc.",
  volume   =  44,
  number   =  247,
  pages    = "335--341",
  year     =  1949,
  keywords = "STATISTICS",
  issn     = "0162-1459",
  pmid     = "18139350"
}
@ARTICLE{Michel2014-eg,
  title    = "{PconsFold: improved contact predictions improve protein models}",
  author   = "Michel, Mirco and Hayat, Sikander and Skwark, Marcin J and
              Sander, Chris and Marks, Debora S and Elofsson, Arne",
  journal  = "Bioinformatics",
  volume   =  30,
  number   =  17,
  pages    = "i482--8",
  year     =  2014,
  issn     = "1367-4803, 1367-4811",
  pmid     = "25161237",
  doi      = "10.1093/bioinformatics/btu458",
  pmc      = "PMC4147911"
}
@ARTICLE{Michel2017-pm,
  title    = "{Predicting accurate contacts in thousands of Pfam domain families
              using PconsC3}",
  author   = "Michel, Mirco and Skwark, Marcin J and Men{\'e}ndez Hurtado,
              David and Ekeberg, Magnus and Elofsson, Arne",
  journal  = "Bioinformatics",
  volume   =  33,
  number   =  18,
  pages    = "2859--2866",
  year     =  2017,
  issn     = "1367-4803, 1367-4811",
  pmid     = "28535189",
  doi      = "10.1093/bioinformatics/btx332"
}
@ARTICLE{Michel2017-xh,
  title     = "{Large-scale structure prediction by improved contact predictions
               and model quality assessment}",
  author    = "Michel, Mirco and Men{\'e}ndez Hurtado, David and Uziela,
               Karolis and Elofsson, Arne",
  journal   = "Bioinformatics",
  publisher = "biorxiv.org",
  volume    =  33,
  number    =  14,
  pages     = "i23--i29",
  year      =  2017,
  issn      = "1367-4803, 1367-4811",
  pmid      = "28881974",
  doi       = "10.1093/bioinformatics/btx239",
  pmc       = "PMC5870574"
}
@ARTICLE{Millan2015-uf,
  title    = "{Macromolecular ab initio phasing enforcing secondary and tertiary
              structure}",
  author   = "Mill{\'a}n, Claudia and Sammito, Massimo and Us{\'o}n, Isabel",
  journal  = "IUCrJ",
  volume   =  2,
  number   = "Pt 1",
  pages    = "95--105",
  year     =  2015,
  keywords = "ARCIMBOLDO; ab initio phasing; macromolecular structure;
              $\alpha$-helices",
  issn     = "2052-2525",
  pmid     = "25610631",
  doi      = "10.1107/S2052252514024117",
  pmc      = "PMC4285884"
}
@ARTICLE{Morcos2011-lk,
  title    = "{Direct-coupling analysis of residue coevolution captures native
              contacts across many protein families}",
  author   = "Morcos, Faruck and Pagnani, Andrea and Lunt, Bryan and Bertolino,
              Arianna and Marks, Debora S and Sander, Chris and Zecchina,
              Riccardo and Onuchic, Jos{\'e} N and Hwa, Terence and Weigt,
              Martin",
  journal  = "Proc. Natl. Acad. Sci. U. S. A.",
  volume   =  108,
  number   =  49,
  pages    = "E1293--301",
  year     =  2011,
  issn     = "0027-8424, 1091-6490",
  pmid     = "22106262",
  arxivid  = "1110.5223",
  doi      = "10.1073/pnas.1111471108",
  pmc      = "PMC3241805"
}
@ARTICLE{Morcos2013-ks,
  title    = "{Coevolutionary signals across protein lineages help capture
              multiple protein conformations}",
  author   = "Morcos, Faruck and Jana, Biman and Hwa, Terence and Onuchic,
              Jos{\'e} N",
  journal  = "Proc. Natl. Acad. Sci. U. S. A.",
  volume   =  110,
  number   =  51,
  pages    = "20533--20538",
  year     =  2013,
  keywords = "conformational plasticity; covariation; molecular dynamics;
              statistical inference",
  issn     = "0027-8424, 1091-6490",
  pmid     = "24297889",
  doi      = "10.1073/pnas.1315625110",
  pmc      = "PMC3870752"
}
@ARTICLE{Morera2012-sk,
  title    = "{Biochemical and structural characterization of the glycosylase
              domain of MBD4 bound to thymine and
              5-hydroxymethyuracil-containing DNA}",
  author   = "Mor{\'e}ra, Solange and Grin, Inga and Vigouroux, Armelle and
              Couv{\'e}, Sophie and Henriot, V{\'e}ronique and Saparbaev, Murat
              and Ishchenko, Alexander A",
  journal  = "Nucleic Acids Res.",
  volume   =  40,
  number   =  19,
  pages    = "9917--9926",
  year     =  2012,
  issn     = "0305-1048, 1362-4962",
  pmid     = "22848106",
  doi      = "10.1093/nar/gks714",
  pmc      = "PMC3479182"
}
@ARTICLE{Murshudov2011-ww,
  title    = "{REFMAC5 for the refinement of macromolecular crystal structures}",
  author   = "Murshudov, Garib N and Skub{\'a}k, Pavol and Lebedev, Andrey A
              and Pannu, Navraj S and Steiner, Roberto A and Nicholls, Robert A
              and Winn, Martyn D and Long, Fei and Vagin, Alexei A",
  journal  = "Acta Crystallogr. D Biol. Crystallogr.",
  volume   =  67,
  number   = "Pt 4",
  pages    = "355--367",
  year     =  2011,
  keywords = "REFMAC5; refinement",
  issn     = "0907-4449, 1399-0047",
  pmid     = "21460454",
  doi      = "10.1107/S0907444911001314",
  pmc      = "PMC3069751"
}
@ARTICLE{Myllykoski2013-wf,
  title    = "{Crystallographic analysis of the reaction cycle of 2',3'-cyclic
              nucleotide 3'-phosphodiesterase, a unique member of the 2H
              phosphoesterase family}",
  author   = "Myllykoski, Matti and Raasakka, Arne and Lehtim{\"a}ki, Mari and
              Han, Huijong and Kursula, Inari and Kursula, Petri",
  journal  = "J. Mol. Biol.",
  volume   =  425,
  number   =  22,
  pages    = "4307--4322",
  year     =  2013,
  keywords = "2′,3′-cyclic AMP; 2′,3′-cyclic nucleotide 3′-phosphodiesterase;
              AMPS; CNPase; CPDase; PDB; PNK; Protein Data Bank; RICH; SAXS;
              SRCD; TCEP; adenosine monophosphorothioate; cyclic
              phosphodiesterase; myelin; polynucleotide kinase; protein
              structure; reaction mechanism; regeneration-induced CNPase
              homologue; small-angle X-ray scattering; synchrotron radiation
              circular dichroism spectroscopy; tris(2-carboxyethyl)phosphine",
  issn     = "0022-2836, 1089-8638",
  pmid     = "23831225",
  doi      = "10.1016/j.jmb.2013.06.012"
}
@ARTICLE{Neher1994-qn,
  title    = "{How frequent are correlated changes in families of protein
              sequences?}",
  author   = "Neher, E",
  journal  = "Proc. Natl. Acad. Sci. U. S. A.",
  volume   =  91,
  number   =  1,
  pages    = "98--102",
  year     =  1994,
  issn     = "0027-8424",
  pmid     = "8278414",
  pmc      = "PMC42893"
}
@ARTICLE{Oeffner2018-ur,
  title    = "{On the application of the expected log-likelihood gain to
              decision making in molecular replacement}",
  author   = "Oeffner, Robert D and Afonine, Pavel V and Mill{\'a}n, Claudia
              and Sammito, Massimo and Us{\'o}n, Isabel and Read, Randy J and
              McCoy, Airlie J",
  journal  = "Acta Crystallogr D Struct Biol",
  volume   =  74,
  number   = "Pt 4",
  pages    = "245--255",
  year     =  2018,
  keywords = "maximum likelihood, molecular replacement, Phaser, log-likelihood
              gain, eLLG, LLGI",
  issn     = "2059-7983, 2059-7983",
  pmid     = "29652252",
  doi      = "10.1107/S2059798318004357",
  pmc      = "PMC5892874"
}
@ARTICLE{Oganesyan2003-rh,
  title    = "{Structure of the hypothetical protein AQ\_1354 from Aquifex
              aeolicus}",
  author   = "Oganesyan, Vaheh and Busso, Didier and Brandsen, Jeroen and Chen,
              Shengfeng and Jancarik, Jaru and Kim, Rosalind and Kim, Sung-Hou",
  journal  = "Acta Crystallogr. D Biol. Crystallogr.",
  volume   =  59,
  number   = "Pt 7",
  pages    = "1219--1223",
  year     =  2003,
  issn     = "0907-4449",
  pmid     = "12832766",
  doi      = "10.1107/S0907444903011028"
}
@ARTICLE{Oldziej2005-qp,
  title    = "{Physics-based protein-structure prediction using a hierarchical
              protocol based on the UNRES force field: assessment in two blind
              tests}",
  author   = "O{\l}dziej, S and Czaplewski, C and Liwo, A and Chinchio, M and
              Nanias, M and Vila, J A and Khalili, M and Arnautova, Y A and
              Jagielska, A and Makowski, M and Schafroth, H D and
              Ka{\'z}mierkiewicz, R and Ripoll, D R and Pillardy, J and
              Saunders, J A and Kang, Y K and Gibson, K D and Scheraga, H A",
  journal  = "Proc. Natl. Acad. Sci. U. S. A.",
  volume   =  102,
  number   =  21,
  pages    = "7547--7552",
  year     =  2005,
  issn     = "0027-8424",
  pmid     = "15894609",
  doi      = "10.1073/pnas.0502655102",
  pmc      = "PMC1140449"
}
@ARTICLE{Ovchinnikov2015-tn,
  title    = "{Large-scale determination of previously unsolved protein
              structures using evolutionary information}",
  author   = "Ovchinnikov, Sergey and Kinch, Lisa and Park, Hahnbeom and Liao,
              Yuxing and Pei, Jimin and Kim, David E and Kamisetty, Hetunandan
              and Grishin, Nick V and Baker, David",
  journal  = "Elife",
  volume   =  4,
  number   = "September",
  pages    = "e09248",
  year     =  2015,
  keywords = "B. subtilis; E. coli; H. salinarum; S. solfataricus; biophysics;
              co-evolution; evolutionary biology; genomics; protein family;
              protein fold; structural biology; structure prediction",
  issn     = "2050-084X",
  pmid     = "26335199",
  arxivid  = "1011.1669",
  doi      = "10.7554/eLife.09248",
  pmc      = "PMC4602095"
}
@ARTICLE{Ovchinnikov2016-jj,
  title    = "{Improved de novo structure prediction in CASP11 by incorporating
              coevolution information into Rosetta}",
  author   = "Ovchinnikov, Sergey and Kim, David E and Wang, Ray Yu-Ruei and
              Liu, Yuan and DiMaio, Frank and Baker, David",
  journal  = "Proteins",
  volume   = "84 Suppl 1",
  pages    = "67--75",
  year     =  2016,
  keywords = "ab initio prediction; coevolution; contact prediction; protein
              structure prediction; rosetta",
  issn     = "0887-3585, 1097-0134",
  pmid     = "26677056",
  doi      = "10.1002/prot.24974",
  pmc      = "PMC5490371"
}
@ARTICLE{Ovchinnikov2017-nd,
  title    = "{Protein structure determination using metagenome sequence data}",
  author   = "Ovchinnikov, Sergey and Park, Hahnbeom and Varghese, Neha and
              Huang, Po-Ssu and Pavlopoulos, Georgios A and Kim, David E and
              Kamisetty, Hetunandan and Kyrpides, Nikos C and Baker, David",
  journal  = "Science",
  volume   =  355,
  number   =  6322,
  pages    = "294--298",
  year     =  2017,
  issn     = "0036-8075, 1095-9203",
  pmid     = "28104891",
  doi      = "10.1126/science.aah4043",
  pmc      = "PMC5493203"
}
@ARTICLE{Ovchinnikov2018-wp,
  title    = "{Protein structure prediction using Rosetta in CASP12}",
  author   = "Ovchinnikov, Sergey and Park, Hahnbeom and Kim, David E and
              DiMaio, Frank and Baker, David",
  journal  = "Proteins",
  volume   = "86 Suppl 1",
  pages    = "113--121",
  year     =  2018,
  keywords = "Ab initio prediction; Co-evolution; Protein structure prediction;
              Refinement; Rosetta",
  issn     = "0887-3585, 1097-0134",
  pmid     = "28940798",
  doi      = "10.1002/prot.25390"
}
@ARTICLE{Parente2015-mv,
  title    = "{Amino acid positions subject to multiple coevolutionary
              constraints can be robustly identified by their eigenvector
              network centrality scores}",
  author   = "Parente, Daniel J and Ray, J Christian J and Swint-Kruse, Liskin",
  journal  = "Proteins",
  volume   =  83,
  number   =  12,
  pages    = "2293--2306",
  year     =  2015,
  keywords = "LacI/GalR; aldolase; amino acid; coevolution; graph theory;
              protein evolution; sequence alignment",
  issn     = "0887-3585, 1097-0134",
  pmid     = "26503808",
  doi      = "10.1002/prot.24948",
  pmc      = "PMC4715571"
}
@ARTICLE{Perutz1960-qz,
  title    = "{Structure of haemoglobin: a three-dimensional Fourier synthesis
              at 5.5-A. resolution, obtained by X-ray analysis}",
  author   = "Perutz, M F and Rossmann, M G and Cullis, A F and Muirhead, H and
              Will, G and North, A C",
  journal  = "Nature",
  volume   =  185,
  number   =  4711,
  pages    = "416--422",
  year     =  1960,
  issn     = "0028-0836",
  pmid     = "18990801"
}
@ARTICLE{Petersen2009-wy,
  title    = "{A generic method for assignment of reliability scores applied to
              solvent accessibility predictions}",
  author   = "Petersen, Bent and Petersen, Thomas Nordahl and Andersen,
              Pernille and Nielsen, Morten and Lundegaard, Claus",
  journal  = "BMC Struct. Biol.",
  volume   =  9,
  pages    = "51",
  year     =  2009,
  issn     = "1472-6807",
  pmid     = "19646261",
  doi      = "10.1186/1472-6807-9-51",
  pmc      = "PMC2725087"
}
@ARTICLE{Pogoryelov2009-uq,
  title    = "{High-resolution structure of the rotor ring of a proton-dependent
              ATP synthase}",
  author   = "Pogoryelov, Denys and Yildiz, Ozkan and Faraldo-G{\'o}mez,
              Jos{\'e} D and Meier, Thomas",
  journal  = "Nat. Struct. Mol. Biol.",
  volume   =  16,
  number   =  10,
  pages    = "1068--1073",
  year     =  2009,
  issn     = "1545-9993",
  pmid     = "19783985",
  doi      = "10.1038/nsmb.1678"
}
@ARTICLE{Pollock1997-os,
  title    = "{Effectiveness of correlation analysis in identifying protein
              residues undergoing correlated evolution}",
  author   = "Pollock, D D and Taylor, W R",
  journal  = "Protein Eng.",
  volume   =  10,
  number   =  6,
  pages    = "647--657",
  year     =  1997,
  issn     = "0269-2139",
  pmid     = "9278277"
}
@ARTICLE{Porebski2015-jl,
  title    = "{Structural and dynamic properties that govern the stability of an
              engineered fibronectin type III domain}",
  author   = "Porebski, Benjamin T and Nickson, Adrian A and Hoke, David E and
              Hunter, Morag R and Zhu, Liguang and McGowan, Sheena and Webb,
              Geoffrey I and Buckle, Ashley M",
  journal  = "Protein Eng. Des. Sel.",
  volume   =  28,
  number   =  3,
  pages    = "67--78",
  year     =  2015,
  keywords = "Consensus design; FN3; Fibronectin type III; Molecular dynamics;
              Stability",
  issn     = "1741-0126, 1741-0134",
  pmid     = "25691761",
  doi      = "10.1093/protein/gzv002",
  pmc      = "PMC4330816"
}
@ARTICLE{Qian2007-vo,
  title    = "{High-resolution structure prediction and the crystallographic
              phase problem}",
  author   = "Qian, Bin and Raman, Srivatsan and Das, Rhiju and Bradley, Philip
              and McCoy, Airlie J and Read, Randy J and Baker, David",
  journal  = "Nature",
  volume   =  450,
  number   =  7167,
  pages    = "259--264",
  year     =  2007,
  issn     = "0028-0836, 1476-4687",
  pmid     = "17934447",
  doi      = "10.1038/nature06249",
  pmc      = "PMC2504711"
}
@ARTICLE{Raman2010-xv,
  title    = "{NMR structure determination for larger proteins using
              backbone-only data}",
  author   = "Raman, Srivatsan and Lange, Oliver F and Rossi, Paolo and Tyka,
              Michael and Wang, Xu and Aramini, James and Liu, Gaohua and
              Ramelot, Theresa A and Eletsky, Alexander and Szyperski, Thomas
              and Kennedy, Michael A and Prestegard, James and Montelione,
              Gaetano T and Baker, David",
  journal  = "Science",
  volume   =  327,
  number   =  5968,
  pages    = "1014--1018",
  year     =  2010,
  issn     = "0036-8075, 1095-9203",
  pmid     = "20133520",
  doi      = "10.1126/science.1183649",
  pmc      = "PMC2909653"
}
@ARTICLE{Read2001-nu,
  title    = "{Pushing the boundaries of molecular replacement with maximum
              likelihood}",
  author   = "Read, R J",
  journal  = "Acta Crystallogr. D Biol. Crystallogr.",
  volume   =  57,
  number   = "Pt 10",
  pages    = "1373--1382",
  year     =  2001,
  issn     = "0907-4449",
  pmid     = "11567148"
}
@ARTICLE{Remmert2011-kt,
  title    = "{HHblits: lightning-fast iterative protein sequence searching by
              HMM-HMM alignment}",
  author   = "Remmert, Michael and Biegert, Andreas and Hauser, Andreas and
              S{\"o}ding, Johannes",
  journal  = "Nat. Methods",
  volume   =  9,
  number   =  2,
  pages    = "173--175",
  year     =  2011,
  issn     = "1548-7091, 1548-7105",
  pmid     = "22198341",
  doi      = "10.1038/nmeth.1818"
}
@ARTICLE{Repo2012-po,
  title    = "{A monomeric TIM-barrel structure from Pyrococcus furiosus is
              optimized for extreme temperatures}",
  author   = "Repo, Heidi and Oeemig, Jesper S and Djupsj{\"o}backa, Janica and
              Iwa{\"\i}, Hideo and Heikinheimo, Pirkko",
  journal  = "Acta Crystallogr. D Biol. Crystallogr.",
  volume   =  68,
  number   = "Pt 11",
  pages    = "1479--1487",
  year     =  2012,
  keywords = "TrpF; hyperthermophiles; isomerases; protein engineering; $B$
              barrels",
  issn     = "0907-4449, 1399-0047",
  pmid     = "23090397",
  doi      = "10.1107/S0907444912037171"
}
@ARTICLE{Rigden2002-mf,
  title    = "{Use of covariance analysis for the prediction of structural
              domain boundaries from multiple protein sequence alignments}",
  author   = "Rigden, Daniel J",
  journal  = "Protein Eng.",
  volume   =  15,
  number   =  2,
  pages    = "65--77",
  year     =  2002,
  keywords = "correlated mutations; covariance analysis; multiple sequence
              alignment; structural domains; threading",
  issn     = "0269-2139",
  pmid     = "11917143",
  doi      = "10.1093/protein/15.2.65"
}
@ARTICLE{Rigden2008-vo,
  title    = "{Molecular replacement using ab initio polyalanine models
              generated with ROSETTA}",
  author   = "Rigden, Daniel J and Keegan, Ronan M and Winn, Martyn D",
  journal  = "Acta Crystallogr. D Biol. Crystallogr.",
  volume   =  64,
  number   = "Pt 12",
  pages    = "1288--1291",
  year     =  2008,
  keywords = "Ab initio structure prediction; Molecular replacement",
  issn     = "0907-4449, 1399-0047",
  pmid     = "19018106",
  doi      = "10.1107/S0907444908033192"
}
@ARTICLE{Rigden2018-zt,
  title     = "{Ensembles generated from crystal structures of single distant
               homologues solve challenging molecular-replacement cases in
               {\textbackslashit AMPLE}}",
  author    = "Rigden, Daniel J and Thomas, Jens M H and Simkovic, Felix and
               Simpkin, Adam and Winn, Martyn D and Mayans, Olga and Keegan,
               Ronan M",
  journal   = "Acta Crystallogr. D Biol. Crystallogr.",
  publisher = "International Union of Crystallography",
  volume    =  74,
  number    =  3,
  pages     = "183--193",
  year      =  2018,
  keywords  = "AMPLE; CONCOORD; concoord; distant homologues; ensembles;
               molecular replacement; search-model; search-model ensembles",
  issn      = "0907-4449, 2059-7983",
  doi       = "10.1107/S2059798318002310"
}
@ARTICLE{Rodriguez2012-ad,
  title    = "{Practical structure solution with ARCIMBOLDO}",
  author   = "Rodr{\'\i}guez, Dayt{\'e} and Sammito, Massimo and Meindl,
              Kathrin and de Ilarduya, I{\~n}aki M and Potratz, Marianus and
              Sheldrick, George M and Us{\'o}n, Isabel",
  journal  = "Acta Crystallogr. D Biol. Crystallogr.",
  volume   =  68,
  number   = "Pt 4",
  pages    = "336--343",
  year     =  2012,
  keywords = "ARCIMBOLDO; Phaser; SHELXE Model building; density modification;
              fragment search; multi-solution phasing; refinement and
              validation",
  issn     = "0907-4449, 1399-0047",
  pmid     = "22505254",
  doi      = "10.1107/S0907444911056071",
  pmc      = "PMC3322593"
}
@ARTICLE{Rohl2004-dj,
  title    = "{Protein structure prediction using Rosetta}",
  author   = "Rohl, Carol A and Strauss, Charlie E M and Misura, Kira M S and
              Baker, David",
  journal  = "Methods Enzymol.",
  volume   =  383,
  pages    = "66--93",
  year     =  2004,
  issn     = "0076-6879",
  pmid     = "15063647",
  doi      = "10.1016/S0076-6879(04)83004-0"
}
@ARTICLE{Rossmann1962-ou,
  title   = "{The detection of sub-units within the crystallographic asymmetric
             unit}",
  author  = "Rossmann, M G and Blow, D M",
  journal = "Acta Crystallogr.",
  volume  =  15,
  number  =  1,
  pages   = "24--31",
  year    =  1962,
  issn    = "0365-110X",
  doi     = "10.1107/S0365110X62000067"
}
@ARTICLE{Rossmann1990-am,
  title    = "{The molecular replacement method}",
  author   = "Rossmann, M G",
  journal  = "Acta Crystallogr. A",
  volume   = "46 ( Pt 2)",
  pages    = "73--82",
  year     =  1990,
  issn     = "0567-7394, 0108-7673",
  pmid     = "2180438"
}
@ARTICLE{Rossmann2001-yw,
  title     = "{Molecular replacement--historical background}",
  author    = "Rossmann, M G",
  journal   = "Acta Crystallogr. D Biol. Crystallogr.",
  publisher = "International Union of Crystallography",
  volume    =  57,
  number    = "Pt 10",
  pages     = "1360--1366",
  year      =  2001,
  issn      = "0907-4449",
  pmid      = "11567146"
}
@BOOK{Rupp2010-nc,
  title     = "{Biomolecular Crystallography: Principles, Practice, and
               Application to Structural Biology}",
  author    = "Rupp, Bernhard and Kantardjieff, Katherine",
  publisher = "Garland Science",
  year      =  2010,
  address   = "New York",
  isbn      = "9780815340812"
}
@ARTICLE{Sadowski2013-zu,
  title    = "{Prediction of protein domain boundaries from inverse covariances}",
  author   = "Sadowski, Michael I",
  journal  = "Proteins",
  volume   =  81,
  number   =  2,
  pages    = "253--260",
  year     =  2013,
  keywords = "Bioinformatics methods; DLP-SVM; DOMPRO; DomCUT; Domain parsing;
              FT-COMAR; Kernel density estimation; Protein contact prediction;
              Protein structure prediction; SCOOBY-DO",
  issn     = "0887-3585, 1097-0134",
  pmid     = "22987736",
  doi      = "10.1002/prot.24181",
  pmc      = "PMC3563215"
}
@ARTICLE{Saino2011-qq,
  title    = "{The catalytic architecture of leukotriene C4 synthase with two
              arginine residues}",
  author   = "Saino, Hiromichi and Ukita, Yoko and Ago, Hideo and Irikura,
              Daisuke and Nisawa, Atsushi and Ueno, Go and Yamamoto, Masaki and
              Kanaoka, Yoshihide and Lam, Bing K and Austen, K Frank and
              Miyano, Masashi",
  journal  = "J. Biol. Chem.",
  volume   =  286,
  number   =  18,
  pages    = "16392--16401",
  year     =  2011,
  issn     = "0021-9258, 1083-351X",
  pmid     = "21454538",
  doi      = "10.1074/jbc.M110.150177",
  pmc      = "PMC3091245"
}
@ARTICLE{Sammito2013-ug,
  title    = "{Exploiting tertiary structure through local folds for
              crystallographic phasing}",
  author   = "Sammito, Massimo and Mill{\'a}n, Claudia and Rodr{\'\i}guez,
              Dayt{\'e} D and de Ilarduya, I{\~n}aki M and Meindl, Kathrin and
              De Marino, Ivan and Petrillo, Giovanna and Buey, Rub{\'e}n M and
              de Pereda, Jos{\'e} M and Zeth, Kornelius and Sheldrick, George M
              and Us{\'o}n, Isabel",
  journal  = "Nat. Methods",
  volume   =  10,
  number   =  11,
  pages    = "1099--1101",
  year     =  2013,
  issn     = "1548-7091, 1548-7105",
  pmid     = "24037245",
  doi      = "10.1038/nmeth.2644"
}
@ARTICLE{Sammito2015-dv,
  title    = "{ARCIMBOLDO\_LITE: single-workstation implementation and use}",
  author   = "Sammito, Massimo and Mill{\'a}n, Claudia and Frieske, Dawid and
              Rodr{\'\i}guez-Freire, Eloy and Borges, Rafael J and Us{\'o}n,
              Isabel",
  journal  = "Acta Crystallogr. D Biol. Crystallogr.",
  volume   =  71,
  number   = "Pt 9",
  pages    = "1921--1930",
  year     =  2015,
  keywords = "ARCIMBOLDO-BORGES; ab initio; phasing; small fragments;
              ARCIMBOLDO\_BORGES",
  issn     = "0907-4449, 1399-0047",
  pmid     = "26327382",
  doi      = "10.1107/S1399004715010846"
}
@ARTICLE{Savage2007-hg,
  title    = "{Structural basis of aquaporin inhibition by mercury}",
  author   = "Savage, David F and Stroud, Robert M",
  journal  = "J. Mol. Biol.",
  volume   =  368,
  number   =  3,
  pages    = "607--617",
  year     =  2007,
  keywords = "X-ray crystallography; aquaporin; integral membrane protein;
              membrane protein structure",
  issn     = "0022-2836",
  pmid     = "17376483",
  doi      = "10.1016/j.jmb.2007.02.070",
  pmc      = "PMC3535476"
}
@ARTICLE{Scapin2013-yp,
  title    = "{Molecular replacement then and now}",
  author   = "Scapin, Giovanna",
  journal  = "Acta Crystallogr. D Biol. Crystallogr.",
  volume   =  69,
  number   = "Pt 11",
  pages    = "2266--2275",
  year     =  2013,
  keywords = "accuracy; models; molecular replacement; quality",
  issn     = "0907-4449, 1399-0047",
  pmid     = "24189239",
  doi      = "10.1107/S0907444913011426",
  pmc      = "PMC3817701"
}
@ARTICLE{Schaarschmidt2018-mh,
  title    = "{Assessment of contact predictions in CASP12: Co-evolution and
              deep learning coming of age}",
  author   = "Schaarschmidt, Joerg and Monastyrskyy, Bohdan and Kryshtafovych,
              Andriy and Bonvin, Alexandre M J J",
  journal  = "Proteins",
  volume   = "86 Suppl 1",
  pages    = "51--66",
  year     =  2018,
  keywords = "CASP; co-variation; contact prediction; correlated mutations; de
              novo structure prediction; evolutionary coupling",
  issn     = "0887-3585, 1097-0134",
  pmid     = "29071738",
  doi      = "10.1002/prot.25407",
  pmc      = "PMC5820169"
}
@ARTICLE{Seemayer2014-zp,
  title    = "{CCMpred--fast and precise prediction of protein residue-residue
              contacts from correlated mutations}",
  author   = "Seemayer, Stefan and Gruber, Markus and S{\"o}ding, Johannes",
  journal  = "Bioinformatics",
  volume   =  30,
  number   =  21,
  pages    = "3128--3130",
  year     =  2014,
  issn     = "1367-4803, 1367-4811",
  pmid     = "25064567",
  arxivid  = "1404.6684",
  doi      = "10.1093/bioinformatics/btu500",
  pmc      = "PMC4201158"
}
@ARTICLE{Sfriso2016-ml,
  title    = "{Residues Coevolution Guides the Systematic Identification of
              Alternative Functional Conformations in Proteins}",
  author   = "Sfriso, Pedro and Duran-Frigola, Miquel and Mosca, Roberto and
              Emperador, Agust{\'\i} and Aloy, Patrick and Orozco, Modesto",
  journal  = "Structure",
  volume   =  24,
  number   =  1,
  pages    = "116--126",
  year     =  2016,
  issn     = "0969-2126, 1878-4186",
  pmid     = "26688214",
  doi      = "10.1016/j.str.2015.10.025"
}
@ARTICLE{Shackelford2007-iz,
  title    = "{Contact prediction using mutual information and neural nets}",
  author   = "Shackelford, George and Karplus, Kevin",
  journal  = "Proteins",
  volume   = "69 Suppl 8",
  pages    = "159--164",
  year     =  2007,
  issn     = "0887-3585, 1097-0134",
  pmid     = "17932918",
  doi      = "10.1002/prot.21791"
}
@ARTICLE{Sheldrick2002-tx,
  title   = "{Macromolecular phasing with SHELXE}",
  author  = "Sheldrick, G M",
  journal = "Zeitschrift f{\"u}r Kristallographie - Crystalline Materials",
  volume  =  217,
  number  =  12,
  pages   = "371",
  year    =  2002,
  issn    = "2196-7105, 2194-4946",
  doi     = "10.1524/zkri.217.12.644.20662"
}
@ARTICLE{Sheldrick2010-cx,
  title    = "{Experimental phasing with SHELXC/D/E: combining chain tracing
              with density modification}",
  author   = "Sheldrick, George M",
  journal  = "Acta Crystallogr. D Biol. Crystallogr.",
  volume   =  66,
  number   = "Pt 4",
  pages    = "479--485",
  year     =  2010,
  issn     = "0907-4449, 1399-0047",
  pmid     = "20383001",
  doi      = "10.1107/S0907444909038360",
  pmc      = "PMC2852312"
}
@ARTICLE{Shen2013-wh,
  title    = "{Detecting protein candidate fragments using a structural alphabet
              profile comparison approach}",
  author   = "Shen, Yimin and Picord, G{\'e}raldine and Guyon, Fr{\'e}d{\'e}ric
              and Tuffery, Pierre",
  journal  = "PLoS One",
  volume   =  8,
  number   =  11,
  pages    = "e80493",
  year     =  2013,
  issn     = "1932-6203",
  pmid     = "24303019",
  doi      = "10.1371/journal.pone.0080493",
  pmc      = "PMC3841190"
}
@ARTICLE{Shih2012-gh,
  title    = "{Evolutionary information hidden in a single protein structure}",
  author   = "Shih, Chien-Hua and Chang, Chih-Min and Lin, Yeong-Shin and Lo,
              Wei-Cheng and Hwang, Jenn-Kang",
  journal  = "Proteins",
  volume   =  80,
  number   =  6,
  pages    = "1647--1657",
  year     =  2012,
  issn     = "0887-3585, 1097-0134",
  pmid     = "22454236",
  doi      = "10.1002/prot.24058"
}
@ARTICLE{Shindyalov1994-yp,
  title    = "{Can three-dimensional contacts in protein structures be predicted
              by analysis of correlated mutations?}",
  author   = "Shindyalov, I N and Kolchanov, N A and Sander, C",
  journal  = "Protein Eng.",
  volume   =  7,
  number   =  3,
  pages    = "349--358",
  year     =  1994,
  issn     = "0269-2139",
  pmid     = "8177884"
}
@ARTICLE{Shortle1998-fq,
  title    = "{Clustering of low-energy conformations near the native structures
              of small proteins}",
  author   = "Shortle, D and Simons, K T and Baker, D",
  journal  = "Proc. Natl. Acad. Sci. U. S. A.",
  volume   =  95,
  number   =  19,
  pages    = "11158--11162",
  year     =  1998,
  issn     = "0027-8424",
  pmid     = "9736706",
  pmc      = "PMC21612"
}
@ARTICLE{Shrestha2015-zb,
  title    = "{A fragmentation and reassembly method for ab initio phasing}",
  author   = "Shrestha, Rojan and Zhang, Kam Y J",
  journal  = "Acta Crystallogr. D Biol. Crystallogr.",
  volume   =  71,
  number   = "Pt 2",
  pages    = "304--312",
  year     =  2015,
  keywords = "ab initio phasing; de novo models; fragmentation; reassembly",
  issn     = "0907-4449, 1399-0047",
  pmid     = "25664740",
  doi      = "10.1107/S1399004714025449"
}
@ARTICLE{Simkovic2016-wk,
  title    = "{Residue contacts predicted by evolutionary covariance extend the
              application of ab initio molecular replacement to larger and more
              challenging protein folds}",
  author   = "Simkovic, Felix and Thomas, Jens M H and Keegan, Ronan M and
              Winn, Martyn D and Mayans, Olga and Rigden, Daniel J",
  journal  = "IUCrJ",
  volume   =  3,
  number   = "Pt 4",
  pages    = "259--270",
  year     =  2016,
  keywords = "ab initio modelling; evolutionary covariation; molecular
              replacement; predicted contacts; protein structure prediction",
  issn     = "2052-2525",
  pmid     = "27437113",
  doi      = "10.1107/S2052252516008113",
  pmc      = "PMC4937781"
}
@ARTICLE{Simkovic2017-us,
  title    = "{ConKit: a python interface to contact predictions}",
  author   = "Simkovic, Felix and Thomas, Jens M H and Rigden, Daniel J",
  journal  = "Bioinformatics",
  volume   =  33,
  number   =  14,
  pages    = "2209--2211",
  year     =  2017,
  issn     = "1367-4803, 1367-4811",
  pmid     = "28369168",
  doi      = "10.1093/bioinformatics/btx148",
  pmc      = "PMC5870551"
}
@ARTICLE{Simkovic2017-xs,
  title    = "{Applications of contact predictions to structural biology}",
  author   = "Simkovic, Felix and Ovchinnikov, Sergey and Baker, David and
              Rigden, Daniel J",
  journal  = "IUCrJ",
  volume   =  4,
  number   = "Pt 3",
  pages    = "291--300",
  year     =  2017,
  keywords = "NMR distance restraints; X-ray crystallography; evolutionary
              covariance; predicted contacts; structural bioinformatics",
  issn     = "2052-2525",
  pmid     = "28512576",
  doi      = "10.1107/S2052252517005115",
  pmc      = "PMC5414403"
}
@ARTICLE{Simons1997-oe,
  title     = "{Assembly of protein tertiary structures from fragments with
               similar local sequences using simulated annealing and bayesian
               scoring functions1}",
  author    = "Simons, K T and Kooperberg, C and Huang, E and Baker, D",
  journal   = "J. Mol. Biol.",
  publisher = "Elsevier",
  volume    =  268,
  number    =  1,
  pages     = "209--225",
  year      =  1997,
  issn      = "0022-2836"
}
@ARTICLE{Sjodt2018-zq,
  title    = "{Structure of the peptidoglycan polymerase RodA resolved by
              evolutionary coupling analysis}",
  author   = "Sjodt, Megan and Brock, Kelly and Dobihal, Genevieve and Rohs,
              Patricia D A and Green, Anna G and Hopf, Thomas A and Meeske,
              Alexander J and Srisuknimit, Veerasak and Kahne, Daniel and
              Walker, Suzanne and Marks, Debora S and Bernhardt, Thomas G and
              Rudner, David Z and Kruse, Andrew C",
  journal  = "Nature",
  volume   =  556,
  number   =  7699,
  pages    = "118--121",
  year     =  2018,
  issn     = "0028-0836, 1476-4687",
  pmid     = "29590088",
  doi      = "10.1038/nature25985",
  pmc      = "PMC6035859"
}
@ARTICLE{Skolnick2006-uv,
  title    = "{In quest of an empirical potential for protein structure
              prediction}",
  author   = "Skolnick, Jeffrey",
  journal  = "Curr. Opin. Struct. Biol.",
  volume   =  16,
  number   =  2,
  pages    = "166--171",
  year     =  2006,
  issn     = "0959-440X",
  pmid     = "16524716",
  doi      = "10.1016/j.sbi.2006.02.004"
}
@ARTICLE{Skwark2014-qp,
  title    = "{Improved contact predictions using the recognition of protein
              like contact patterns}",
  author   = "Skwark, Marcin J and Raimondi, Daniele and Michel, Mirco and
              Elofsson, Arne",
  journal  = "PLoS Comput. Biol.",
  volume   =  10,
  number   =  11,
  pages    = "e1003889",
  year     =  2014,
  issn     = "1553-734X, 1553-7358",
  pmid     = "25375897",
  doi      = "10.1371/journal.pcbi.1003889",
  pmc      = "PMC4222596"
}
@ARTICLE{Soding2005-hw,
  title    = "{Protein homology detection by HMM-HMM comparison}",
  author   = "S{\"o}ding, Johannes",
  journal  = "Bioinformatics",
  volume   =  21,
  number   =  7,
  pages    = "951--960",
  year     =  2005,
  issn     = "1367-4803",
  pmid     = "15531603",
  doi      = "10.1093/bioinformatics/bti125"
}
@ARTICLE{Soding2005-sx,
  title    = "{The HHpred interactive server for protein homology detection and
              structure prediction}",
  author   = "S{\"o}ding, Johannes and Biegert, Andreas and Lupas, Andrei N",
  journal  = "Nucleic Acids Res.",
  volume   =  33,
  number   = "Web Server issue",
  pages    = "W244--8",
  year     =  2005,
  issn     = "0305-1048, 1362-4962",
  pmid     = "15980461",
  doi      = "10.1093/nar/gki408",
  pmc      = "PMC1160169"
}
@ARTICLE{Sorme2005-ln,
  title    = "{Structural and thermodynamic studies on cation-Pi interactions in
              lectin-ligand complexes: high-affinity galectin-3 inhibitors
              through fine-tuning of an arginine-arene interaction}",
  author   = "S{\"o}rme, Pernilla and Arnoux, Pascal and Kahl-Knutsson, Barbro
              and Leffler, Hakon and Rini, James M and Nilsson, Ulf J",
  journal  = "J. Am. Chem. Soc.",
  volume   =  127,
  number   =  6,
  pages    = "1737--1743",
  year     =  2005,
  issn     = "0002-7863",
  pmid     = "15701008",
  doi      = "10.1021/ja043475p"
}
@ARTICLE{Standfuss2005-eq,
  title    = "{Mechanisms of photoprotection and nonphotochemical quenching in
              pea light-harvesting complex at 2.5 A resolution}",
  author   = "Standfuss, J{\"o}rg and Terwisscha van Scheltinga, Anke C and
              Lamborghini, Matteo and K{\"u}hlbrandt, Werner",
  journal  = "EMBO J.",
  volume   =  24,
  number   =  5,
  pages    = "919--928",
  year     =  2005,
  keywords = "Crystal structure; Energy transfer; Light harvesting; Membrane
              protein; Photosynthesis",
  issn     = "0261-4189",
  pmid     = "15719016",
  doi      = "10.1038/sj.emboj.7600585",
  pmc      = "PMC554132"
}
@ARTICLE{Stein2015-cw,
  title    = "{Inferring Pairwise Interactions from Biological Data Using
              Maximum-Entropy Probability Models}",
  author   = "Stein, Richard R and Marks, Debora S and Sander, Chris",
  journal  = "PLoS Comput. Biol.",
  volume   =  11,
  number   =  7,
  pages    = "e1004182",
  year     =  2015,
  issn     = "1553-734X, 1553-7358",
  pmid     = "26225866",
  doi      = "10.1371/journal.pcbi.1004182",
  pmc      = "PMC4520494"
}
@ARTICLE{Stirnimann2010-ak,
  title    = "{Structural basis of TBX5-DNA recognition: the T-box domain in its
              DNA-bound and -unbound form}",
  author   = "Stirnimann, Christian U and Ptchelkine, Denis and Grimm, Clemens
              and M{\"u}ller, Christoph W",
  journal  = "J. Mol. Biol.",
  volume   =  400,
  number   =  1,
  pages    = "71--81",
  year     =  2010,
  keywords = "Crystal structure; DNA binding affinities; Holt-Oram syndrome;
              Protein-DNA interaction; TBX5",
  issn     = "0022-2836, 1089-8638",
  pmid     = "20450920",
  doi      = "10.1016/j.jmb.2010.04.052"
}
@ARTICLE{Storoni2004-ed,
  title    = "{Likelihood-enhanced fast rotation functions}",
  author   = "Storoni, Laurent C and McCoy, Airlie J and Read, Randy J",
  journal  = "Acta Crystallogr. D Biol. Crystallogr.",
  volume   =  60,
  number   = "Pt 3",
  pages    = "432--438",
  year     =  2004,
  issn     = "0907-4449",
  pmid     = "14993666",
  doi      = "10.1107/S0907444903028956"
}
@ARTICLE{Sutto2015-ck,
  title    = "{From residue coevolution to protein conformational ensembles and
              functional dynamics}",
  author   = "Sutto, Ludovico and Marsili, Simone and Valencia, Alfonso and
              Gervasio, Francesco Luigi",
  journal  = "Proc. Natl. Acad. Sci. U. S. A.",
  volume   =  112,
  number   =  44,
  pages    = "13567--13572",
  year     =  2015,
  keywords = "coarse-grained; coevolution; network inference; protein dynamics;
              protein folding",
  issn     = "0027-8424, 1091-6490",
  pmid     = "26487681",
  doi      = "10.1073/pnas.1508584112",
  pmc      = "PMC4640757"
}
@ARTICLE{Tai2014-rz,
  title    = "{Assessment of template-free modeling in CASP10 and ROLL}",
  author   = "Tai, Chin-Hsien and Bai, Hongjun and Taylor, Todd J and Lee,
              Byungkook",
  journal  = "Proteins",
  volume   = "82 Suppl 2",
  pages    = "57--83",
  year     =  2014,
  issn     = "0887-3585, 1097-0134",
  pmid     = "24343678",
  doi      = "10.1002/prot.24470"
}
@ARTICLE{Taylor1994-es,
  title    = "{Compensating changes in protein multiple sequence alignments}",
  author   = "Taylor, W R and Hatrick, K",
  journal  = "Protein Eng.",
  volume   =  7,
  number   =  3,
  pages    = "341--348",
  year     =  1994,
  issn     = "0269-2139",
  pmid     = "8177883"
}
@ARTICLE{Terwilliger2000-sz,
  title    = "{Maximum-likelihood density modification}",
  author   = "Terwilliger, T C",
  journal  = "Acta Crystallogr. D Biol. Crystallogr.",
  volume   =  56,
  number   = "Pt 8",
  pages    = "965--972",
  year     =  2000,
  issn     = "0907-4449",
  pmid     = "10944333",
  pmc      = "PMC2792768"
}
@ARTICLE{Terwilliger2004-ig,
  title    = "{SOLVE and RESOLVE: automated structure solution, density
              modification and model building}",
  author   = "Terwilliger, Thomas",
  journal  = "J. Synchrotron Radiat.",
  volume   =  11,
  number   = "Pt 1",
  pages    = "49--52",
  year     =  2004,
  issn     = "0909-0495",
  pmid     = "14646132"
}
@ARTICLE{The_UniProt_Consortium2017-pb,
  title    = "{UniProt: the universal protein knowledgebase}",
  author   = "{The UniProt Consortium}",
  journal  = "Nucleic Acids Res.",
  volume   =  45,
  number   = "D1",
  pages    = "D158--D169",
  year     =  2017,
  issn     = "0305-1048, 1362-4962",
  pmid     = "27899622",
  arxivid  = "1611.06654",
  doi      = "10.1093/nar/gkw1099",
  pmc      = "PMC5210571"
}
@ARTICLE{Theobald2006-qj,
  title    = "{THESEUS: maximum likelihood superpositioning and analysis of
              macromolecular structures}",
  author   = "Theobald, Douglas L and Wuttke, Deborah S",
  journal  = "Bioinformatics",
  volume   =  22,
  number   =  17,
  pages    = "2171--2172",
  year     =  2006,
  issn     = "1367-4803, 1367-4811",
  pmid     = "16777907",
  doi      = "10.1093/bioinformatics/btl332",
  pmc      = "PMC2584349"
}
@ARTICLE{Thoden2002-id,
  title    = "{X-ray crystallographic analyses of inhibitor and substrate
              complexes of wild-type and mutant 4-hydroxybenzoyl-CoA
              thioesterase}",
  author   = "Thoden, James B and Holden, Hazel M and Zhuang, Zhihao and
              Dunaway-Mariano, Debra",
  journal  = "J. Biol. Chem.",
  volume   =  277,
  number   =  30,
  pages    = "27468--27476",
  year     =  2002,
  issn     = "0021-9258",
  pmid     = "11997398",
  doi      = "10.1074/jbc.M203904200"
}
@ARTICLE{Thomas2001-uf,
  title    = "{Crystal structure of the phosphatidylinositol
              3,4-bisphosphate-binding pleckstrin homology (PH) domain of
              tandem PH-domain-containing protein 1 (TAPP1): molecular basis of
              lipid specificity}",
  author   = "Thomas, C C and Dowler, S and Deak, M and Alessi, D R and van
              Aalten, D M",
  journal  = "Biochem. J",
  volume   =  358,
  number   = "Pt 2",
  pages    = "287--294",
  year     =  2001,
  keywords = "Adaptor Proteins; Amino Acid; Amino Acid Sequence; Animals;
              Binding; Binding Sites; Blood Proteins; Blood Proteins:
              chemistry; Blood Proteins: genetics; Carrier Proteins; Carrier
              Proteins: chemistry; Carrier Proteins: genetics; Carrier
              Proteins: metabolism; Citrates; Citrates: metabolism;
              Competitive; Crystallization; Fatty Acids; Fatty Acids:
              chemistry; Fatty Acids: genetics; Intracellular Signaling
              Peptides and Proteins; Lipoproteins; Membrane Proteins; Models;
              Molecular; Molecular Sequence Data; Mutagenesis;
              Phosphatidylinositol Phosphates; Phosphatidylinositol Phosphates:
              metabolism; Protein Binding; Protein Structure; Sequence
              Homology; Signal Transducing; Site-Directed; Tertiary",
  issn     = "0264-6021",
  pmid     = "11513726",
  doi      = "10.1042/0264-6021:3580287",
  pmc      = "PMC1222060"
}
@ARTICLE{Thomas2015-wu,
  title    = "{Routine phasing of coiled-coil protein crystal structures with
              AMPLE}",
  author   = "Thomas, Jens M H and Keegan, Ronan M and Bibby, Jaclyn and Winn,
              Martyn D and Mayans, Olga and Rigden, Daniel J",
  journal  = "IUCrJ",
  volume   =  2,
  number   = "Pt 2",
  pages    = "198--206",
  year     =  2015,
  keywords = "ab initio modelling; coiled-coil proteins; macromolecular
              complexes; molecular replacement; search-model ensembles",
  issn     = "2052-2525",
  pmid     = "25866657",
  doi      = "10.1107/S2052252515002080",
  pmc      = "PMC4392414"
}
@PHDTHESIS{Thomas2017-qu,
  title  = "{Exploring unconventional approaches to Molecular Replacement in
            Protein Crystallography with AMPLE}",
  author = "Thomas, Jens M H",
  editor = "Rigden, Daniel J and Mayans, O",
  year   =  2017,
  school = "University of Liverpool"
}
@ARTICLE{Thomas2017-sh,
  title    = "{Approaches to ab initio molecular replacement of $\alpha$-helical
              transmembrane proteins}",
  author   = "Thomas, Jens M H and Simkovic, Felix and Keegan, Ronan and
              Mayans, Olga and Zhang, Chengxin and Zhang, Yang and Rigden,
              Daniel J",
  journal  = "Acta Crystallogr D Struct Biol",
  volume   =  73,
  number   = "Pt 12",
  pages    = "985--996",
  year     =  2017,
  keywords = "ab initio; ab initio modelling; ab initio phasing; d; iucr; org;
              phasing; predicted contacts; supporting information; supporting
              information at journals; this article has; transmembrane proteins",
  issn     = "2059-7983",
  pmid     = "29199978",
  doi      = "10.1107/S2059798317016436",
  pmc      = "PMC5713875"
}
@ARTICLE{Thorn2013-le,
  title    = "{Extending molecular-replacement solutions with SHELXE}",
  author   = "Thorn, Andrea and Sheldrick, George M",
  journal  = "Acta Crystallogr. D Biol. Crystallogr.",
  volume   =  69,
  number   = "Pt 11",
  pages    = "2251--2256",
  year     =  2013,
  keywords = "SHELX; autotracing; density modification; molecular replacement",
  issn     = "0907-4449, 1399-0047",
  pmid     = "24189237",
  doi      = "10.1107/S0907444913027534",
  pmc      = "PMC3817699"
}
@ARTICLE{Traore2013-ul,
  title    = "{Defining the interaction of perforin with calcium and the
              phospholipid membrane}",
  author   = "Traore, Daouda A K and Brennan, Amelia J and Law, Ruby H P and
              Dogovski, Con and Perugini, Matthew A and Lukoyanova, Natalya and
              Leung, Eleanor W W and Norton, Raymond S and Lopez, Jamie A and
              Browne, Kylie A and Yagita, Hideo and Lloyd, Gordon J and
              Ciccone, Annette and Verschoor, Sandra and Trapani, Joseph A and
              Whisstock, James C and Voskoboinik, Ilia",
  journal  = "Biochem. J",
  volume   =  456,
  number   =  3,
  pages    = "323--335",
  year     =  2013,
  keywords = "apoptosis; c2 domain; cytotoxic lymphocyte; perforin;
              pore-forming protein",
  issn     = "1470-8728, 0264-6021",
  pmid     = "24070258",
  doi      = "10.1042/BJ20130999"
}
@ARTICLE{Tusnady2005-ns,
  title    = "{PDB\_TM: selection and membrane localization of transmembrane
              proteins in the protein data bank}",
  author   = "Tusn{\'a}dy, G{\'a}bor E and Doszt{\'a}nyi, Zsuzsanna and Simon,
              Istv{\'a}n",
  journal  = "Nucleic Acids Res.",
  volume   =  33,
  number   = "Database issue",
  pages    = "D275--8",
  year     =  2005,
  issn     = "0305-1048, 1362-4962",
  pmid     = "15608195",
  doi      = "10.1093/nar/gki002",
  pmc      = "PMC539956"
}
@ARTICLE{Vagin2010-ux,
  title    = "{Molecular replacement with MOLREP}",
  author   = "Vagin, Alexei and Teplyakov, Alexei",
  journal  = "Acta Crystallogr. D Biol. Crystallogr.",
  volume   =  66,
  number   = "Pt 1",
  pages    = "22--25",
  year     =  2010,
  keywords = "Molecular replacement; Rotation function; Software; Translation
              function",
  issn     = "0907-4449, 1399-0047",
  pmid     = "20057045",
  doi      = "10.1107/S0907444909042589"
}
@ARTICLE{Vinothkumar2010-dm,
  title    = "{The structural basis for catalysis and substrate specificity of a
              rhomboid protease}",
  author   = "Vinothkumar, Kutti R and Strisovsky, Kvido and Andreeva, Antonina
              and Christova, Yonka and Verhelst, Steven and Freeman, Matthew",
  journal  = "EMBO J.",
  volume   =  29,
  number   =  22,
  pages    = "3797--3809",
  year     =  2010,
  keywords = "intramembrane protease; isocoumarin; rhomboid; serine protease;
              substrate specificity",
  issn     = "0261-4189, 1460-2075",
  pmid     = "20890268",
  doi      = "10.1038/emboj.2010.243",
  pmc      = "PMC2989101"
}
@ARTICLE{Vojtechovsky1999-nn,
  title    = "{Crystal structures of myoglobin-ligand complexes at near-atomic
              resolution}",
  author   = "Vojtechovsk{\'y}, J and Chu, K and Berendzen, J and Sweet, R M
              and Schlichting, I",
  journal  = "Biophys. J.",
  volume   =  77,
  number   =  4,
  pages    = "2153--2174",
  year     =  1999,
  issn     = "0006-3495",
  pmid     = "10512835",
  doi      = "10.1016/S0006-3495(99)77056-6",
  pmc      = "PMC1300496"
}
@ARTICLE{Von_Schantz2012-wr,
  title    = "{Structural basis for carbohydrate-binding specificity--a
              comparative assessment of two engineered carbohydrate-binding
              modules}",
  author   = "von Schantz, Laura and H{\aa}kansson, Maria and Logan, Derek T
              and Walse, Bj{\"o}rn and Osterlin, Jacob and Nordberg-Karlsson,
              Eva and Ohlin, Mats",
  journal  = "Glycobiology",
  volume   =  22,
  number   =  7,
  pages    = "948--961",
  year     =  2012,
  keywords = "Carbohydrate-aromatic interaction; Plant carbohydrate;
              Plasticity; X-ray crystallography; cross-reactivity",
  issn     = "0959-6658, 1460-2423",
  pmid     = "22434778",
  doi      = "10.1093/glycob/cws063"
}
@ARTICLE{Wang1985-zu,
  title    = "{Resolution of phase ambiguity in macromolecular crystallography}",
  author   = "Wang, B C",
  journal  = "Methods Enzymol.",
  volume   =  115,
  pages    = "90--112",
  year     =  1985,
  issn     = "0076-6879",
  pmid     = "4079800"
}
@ARTICLE{Wang2013-wi,
  title    = "{Predicting protein contact map using evolutionary and physical
              constraints by integer programming}",
  author   = "Wang, Zhiyong and Xu, Jinbo",
  journal  = "Bioinformatics",
  volume   =  29,
  number   =  13,
  pages    = "i266--73",
  year     =  2013,
  issn     = "1367-4803, 1367-4811",
  pmid     = "23812992",
  arxivid  = "1308.1975",
  doi      = "10.1093/bioinformatics/btt211",
  pmc      = "PMC3694661"
}
@ARTICLE{Wang2016-ar,
  title    = "{CoinFold: a web server for protein contact prediction and
              contact-assisted protein folding}",
  author   = "Wang, Sheng and Li, Wei and Zhang, Renyu and Liu, Shiwang and Xu,
              Jinbo",
  journal  = "Nucleic Acids Res.",
  volume   =  44,
  number   = "W1",
  pages    = "W361--6",
  year     =  2016,
  issn     = "0305-1048, 1362-4962",
  pmid     = "27112569",
  doi      = "10.1093/nar/gkw307",
  pmc      = "PMC4987891"
}
@ARTICLE{Wang2017-ka,
  title    = "{LRFragLib: an effective algorithm to identify fragments for de
              novo protein structure prediction}",
  author   = "Wang, Tong and Yang, Yuedong and Zhou, Yaoqi and Gong, Haipeng",
  journal  = "Bioinformatics",
  volume   =  33,
  number   =  5,
  pages    = "677--684",
  year     =  2017,
  issn     = "1367-4803, 1367-4811",
  pmid     = "27797773",
  doi      = "10.1093/bioinformatics/btw668"
}
@ARTICLE{Wang2017-rx,
  title    = "{Accurate De Novo Prediction of Protein Contact Map by Ultra-Deep
              Learning Model}",
  author   = "Wang, Sheng and Sun, Siqi and Li, Zhen and Zhang, Renyu and Xu,
              Jinbo",
  journal  = "PLoS Comput. Biol.",
  volume   =  13,
  number   =  1,
  pages    = "e1005324",
  year     =  2017,
  issn     = "1553-734X, 1553-7358",
  pmid     = "28056090",
  arxivid  = "1609.00680",
  doi      = "10.1371/journal.pcbi.1005324",
  pmc      = "PMC5249242"
}
@ARTICLE{Watson1953-qw,
  title   = "{Molecular structure of nucleic acids}",
  author  = "Watson, James D and Crick, Francis H C",
  journal = "Nature",
  volume  =  171,
  number  =  4356,
  pages   = "737--738",
  year    =  1953,
  issn    = "0028-0836"
}
@ARTICLE{Weigt2009-sx,
  title     = "{Identification of direct residue contacts in protein-protein
               interaction by message passing}",
  author    = "Weigt, Martin and White, Robert A and Szurmant, Hendrik and
               Hoch, James A and Hwa, Terence",
  journal   = "Proc. Natl. Acad. Sci. U. S. A.",
  publisher = "National Academy of Sciences",
  volume    =  106,
  number    =  1,
  pages     = "67--72",
  year      =  2009,
  issn      = "0027-8424, 1091-6490",
  pmid      = "19116270",
  doi       = "10.1073/pnas.0805923106",
  pmc       = "PMC2629192"
}
@ARTICLE{Weinert2015-dp,
  title    = "{Fast native-SAD phasing for routine macromolecular structure
              determination}",
  author   = "Weinert, Tobias and Olieric, Vincent and Waltersperger, Sandro
              and Panepucci, Ezequiel and Chen, Lirong and Zhang, Hua and Zhou,
              Dayong and Rose, John and Ebihara, Akio and Kuramitsu, Seiki and
              Li, Dianfan and Howe, Nicole and Schnapp, Gisela and Pautsch,
              Alexander and Bargsten, Katja and Prota, Andrea E and Surana,
              Parag and Kottur, Jithesh and Nair, Deepak T and Basilico,
              Federica and Cecatiello, Valentina and Pasqualato, Sebastiano and
              Boland, Andreas and Weichenrieder, Oliver and Wang, Bi-Cheng and
              Steinmetz, Michel O and Caffrey, Martin and Wang, Meitian",
  journal  = "Nat. Methods",
  volume   =  12,
  number   =  2,
  pages    = "131--133",
  year     =  2015,
  issn     = "1548-7091, 1548-7105",
  pmid     = "25506719",
  doi      = "10.1038/nmeth.3211"
}
@ARTICLE{West1995-dp,
  title    = "{Crystal structure of the catalytic domain of the chemotaxis
              receptor methylesterase, CheB}",
  author   = "West, A H and Martinez-Hackert, E and Stock, A M",
  journal  = "J. Mol. Biol.",
  volume   =  250,
  number   =  2,
  pages    = "276--290",
  year     =  1995,
  keywords = "Bacterial chemotaxis; Methylesterase; Receptor modification;
              Serine protease/hydrolase; Two-component signal transduction",
  issn     = "0022-2836",
  pmid     = "7608974",
  doi      = "10.1006/jmbi.1995.0376"
}
@ARTICLE{Winn2011-xe,
  title    = "{Overview of the CCP4 suite and current developments}",
  author   = "Winn, Martyn D and Ballard, Charles C and Cowtan, Kevin D and
              Dodson, Eleanor J and Emsley, Paul and Evans, Phil R and Keegan,
              Ronan M and Krissinel, Eugene B and Leslie, Andrew G W and McCoy,
              Airlie and McNicholas, Stuart J and Murshudov, Garib N and Pannu,
              Navraj S and Potterton, Elizabeth A and Powell, Harold R and
              Read, Randy J and Vagin, Alexei and Wilson, Keith S",
  journal  = "Acta Crystallogr. D Biol. Crystallogr.",
  volume   =  67,
  number   = "Pt 4",
  pages    = "235--242",
  year     =  2011,
  keywords = "CCP4; automation; collaboration; macromolecular crystallography;
              macromolecular structure determination; software",
  issn     = "0907-4449, 1399-0047",
  pmid     = "21460441",
  arxivid  = "doi:10.1107/S0907444905036693",
  doi      = "10.1107/S0907444910045749",
  pmc      = "PMC3069738"
}
@ARTICLE{Wuyun2018-hh,
  title    = "{A large-scale comparative assessment of methods for
              residue-residue contact prediction}",
  author   = "Wuyun, Qiqige and Zheng, Wei and Peng, Zhenling and Yang, Jianyi",
  journal  = "Brief. Bioinform.",
  volume   =  19,
  number   =  2,
  pages    = "219--230",
  year     =  2018,
  issn     = "1467-5463, 1477-4054",
  pmid     = "27802931",
  doi      = "10.1093/bib/bbw106"
}
@ARTICLE{Xu2010-kr,
  title     = "{How significant is a protein structure similarity with TM-score
               = 0.5?}",
  author    = "Xu, Jinrui and Zhang, Yang",
  journal   = "Bioinformatics",
  publisher = "Oxford Univ Press",
  volume    =  26,
  number    =  7,
  pages     = "889--895",
  year      =  2010,
  issn      = "1367-4803, 1367-4811",
  pmid      = "20164152",
  doi       = "10.1093/bioinformatics/btq066",
  pmc       = "PMC2913670"
}
@ARTICLE{Xu2012-jf,
  title    = "{Ab initio protein structure assembly using continuous structure
              fragments and optimized knowledge-based force field}",
  author   = "Xu, Dong and Zhang, Yang",
  journal  = "Proteins",
  volume   =  80,
  number   =  7,
  pages    = "1715--1735",
  year     =  2012,
  issn     = "0887-3585, 1097-0134",
  pmid     = "22411565",
  doi      = "10.1002/prot.24065",
  pmc      = "PMC3370074"
}
@ARTICLE{Yang2008-ef,
  title    = "{Crystal structures of human BTG2 and mouse TIS21 involved in
              suppression of CAF1 deadenylase activity}",
  author   = "Yang, Xiuna and Morita, Masahiro and Wang, Hui and Suzuki, Toru
              and Yang, Wen and Luo, Yunhai and Zhao, Cong and Yu, Yue and
              Bartlam, Mark and Yamamoto, Tadashi and Rao, Zihe",
  journal  = "Nucleic Acids Res.",
  volume   =  36,
  number   =  21,
  pages    = "6872--6881",
  year     =  2008,
  issn     = "0305-1048, 1362-4962",
  pmid     = "18974182",
  doi      = "10.1093/nar/gkn825",
  pmc      = "PMC2588512"
}
@ARTICLE{Yang2013-bf,
  title    = "{High-accuracy prediction of transmembrane inter-helix contacts
              and application to GPCR 3D structure modeling}",
  author   = "Yang, Jing and Jang, Richard and Zhang, Yang and Shen, Hong-Bin",
  journal  = "Bioinformatics",
  volume   =  29,
  number   =  20,
  pages    = "2579--2587",
  year     =  2013,
  issn     = "1367-4803, 1367-4811",
  pmid     = "23946502",
  doi      = "10.1093/bioinformatics/btt440",
  pmc      = "PMC3789543"
}
@ARTICLE{Yang2015-oc,
  title    = "{The I-TASSER Suite: protein structure and function prediction}",
  author   = "Yang, Jianyi and Yan, Renxiang and Roy, Ambrish and Xu, Dong and
              Poisson, Jonathan and Zhang, Yang",
  journal  = "Nat. Methods",
  volume   =  12,
  number   =  1,
  pages    = "7--8",
  year     =  2015,
  issn     = "1548-7091, 1548-7105",
  pmid     = "25549265",
  doi      = "10.1038/nmeth.3213",
  pmc      = "PMC4428668"
}
@ARTICLE{Ye2010-fm,
  title    = "{Novel insights into K+ selectivity from high-resolution
              structures of an open K+ channel pore}",
  author   = "Ye, Sheng and Li, Yang and Jiang, Youxing",
  journal  = "Nat. Struct. Mol. Biol.",
  volume   =  17,
  number   =  8,
  pages    = "1019--1023",
  year     =  2010,
  issn     = "1545-9993",
  pmid     = "20676101",
  doi      = "10.1038/nsmb.1865",
  pmc      = "PMC2918291"
}
@ARTICLE{Yeh2014-vl,
  title    = "{Site-specific structural constraints on protein sequence
              evolutionary divergence: local packing density versus solvent
              exposure}",
  author   = "Yeh, So-Wei and Liu, Jen-Wei and Yu, Sung-Huan and Shih,
              Chien-Hua and Hwang, Jenn-Kang and Echave, Julian",
  journal  = "Mol. Biol. Evol.",
  volume   =  31,
  number   =  1,
  pages    = "135--139",
  year     =  2014,
  keywords = "contact number; local packing density; protein evolution; protein
              structure; relative solvent accessibility; site-specific
              evolutionary rate; weighted contact number",
  issn     = "0737-4038, 1537-1719",
  pmid     = "24109601",
  doi      = "10.1093/molbev/mst178"
}
@ARTICLE{Zhang2004-ha,
  title    = "{Scoring function for automated assessment of protein structure
              template quality}",
  author   = "Zhang, Yang and Skolnick, Jeffrey",
  journal  = "Proteins",
  volume   =  57,
  number   =  4,
  pages    = "702--710",
  year     =  2004,
  issn     = "0887-3585, 1097-0134",
  pmid     = "15476259",
  doi      = "10.1002/prot.20264"
}
@ARTICLE{Zhang2004-uc,
  title    = "{Automated structure prediction of weakly homologous proteins on a
              genomic scale}",
  author   = "Zhang, Yang and Skolnick, Jeffrey",
  journal  = "Proc. Natl. Acad. Sci. U. S. A.",
  volume   =  101,
  number   =  20,
  pages    = "7594--7599",
  year     =  2004,
  issn     = "0027-8424",
  pmid     = "15126668",
  doi      = "10.1073/pnas.0305695101",
  pmc      = "PMC419651"
}
@ARTICLE{Zhang2004-uz,
  title     = "{SPICKER: a clustering approach to identify near-native protein
               folds}",
  author    = "Zhang, Yang and Skolnick, Jeffrey",
  journal   = "J. Comput. Chem.",
  publisher = "Wiley Online Library",
  volume    =  25,
  number    =  6,
  pages     = "865--871",
  year      =  2004,
  issn      = "0192-8651",
  pmid      = "15011258",
  doi       = "10.1002/jcc.20011"
}
@ARTICLE{Zhang2004-zt,
  title    = "{Structural and functional analysis of the costimulatory receptor
              programmed death-1}",
  author   = "Zhang, Xuewu and Schwartz, Jean-Claude D and Guo, Xiaoling and
              Bhatia, Sumeena and Cao, Erhu and Lorenz, Michael and Cammer,
              Michael and Chen, Lieping and Zhang, Zhong-Yin and Edidin,
              Michael A and Nathenson, Stanley G and Almo, Steven C",
  journal  = "Immunity",
  volume   =  20,
  number   =  3,
  pages    = "337--347",
  year     =  2004,
  issn     = "1074-7613",
  pmid     = "15030777"
}
@ARTICLE{Zhang2016-px,
  title    = "{COMSAT: Residue contact prediction of transmembrane proteins
              based on support vector machines and mixed integer linear
              programming}",
  author   = "Zhang, Huiling and Huang, Qingsheng and Bei, Zhendong and Wei,
              Yanjie and Floudas, Christodoulos A",
  journal  = "Proteins",
  volume   =  84,
  number   =  3,
  pages    = "332--348",
  year     =  2016,
  keywords = "Hybrid framework; MILP; Machine learning; Protein structure
              prediction; ab initio prediction",
  issn     = "0887-3585, 1097-0134",
  pmid     = "26756402",
  doi      = "10.1002/prot.24979"
}
