
@ARTICLE{Dill2012-to,
  title    = "{The protein-folding problem, 50 years on}",
  author   = "Dill, Ken A and MacCallum, Justin L",
  journal  = "Science",
  volume   =  338,
  number   =  6110,
  pages    = "1042--1046",
  month    =  nov,
  year     =  2012,
  language = "en",
  issn     = "0036-8075, 1095-9203",
  pmid     = "23180855",
  doi      = "10.1126/science.1219021"
}

@ARTICLE{Rigden2018-da,
  title    = "{Ensembles generated from crystal structures of single distant
              homologues solve challenging molecular-replacement cases in
              {\textbackslashit AMPLE}}",
  author   = "Rigden, Daniel J and Thomas, Jens M H and Simkovic, Felix and
              Simpkin, Adam and Winn, Martyn D and Mayans, Olga and Keegan,
              Ronan M",
  journal  = "Acta Crystallogr. D Biol. Crystallogr.",
  volume   =  74,
  number   =  3,
  pages    = "183--193",
  month    =  mar,
  year     =  2018,
  keywords = "distant homologues, CONCOORD, molecular replacement, search-model
              ensembles, AMPLE",
  issn     = "0907-4449",
  doi      = "10.1107/S2059798318002310"
}

@ARTICLE{Keegan2018-vy,
  title    = "{Recent developments in {\textbackslashit MrBUMP}: better
              search-model preparation, graphical interaction with search
              models, and solution improvement and assessment}",
  author   = "Keegan, Ronan M and McNicholas, Stuart J and Thomas, Jens M H and
              Simpkin, Adam J and Simkovic, Felix and Uski, Ville and Ballard,
              Charles C and Winn, Martyn D and Wilson, Keith S and Rigden,
              Daniel J",
  journal  = "Acta Crystallogr. D Biol. Crystallogr.",
  volume   =  74,
  number   =  3,
  pages    = "167--182",
  month    =  mar,
  year     =  2018,
  keywords = "MrBUMP, molecular replacement, automated structure solution, CCP4
              pipeline",
  issn     = "0907-4449",
  doi      = "10.1107/S2059798318003455"
}

@ARTICLE{Buchan2018-ag,
  title    = "{Improved protein contact predictions with the MetaPSICOV2 server
              in CASP12}",
  author   = "Buchan, Daniel W A and Jones, David T",
  journal  = "Proteins",
  volume   = "86 Suppl 1",
  pages    = "78--83",
  month    =  mar,
  year     =  2018,
  keywords = "bioinformatics; contact prediction; machine learning;
              meta-prediction",
  language = "en",
  issn     = "0887-3585, 1097-0134",
  pmid     = "28901583",
  doi      = "10.1002/prot.25379"
}

@UNPUBLISHED{Schrodinger_LLC2015-jz,
  title  = "{The {PyMOL} Molecular Graphics System, Version 1.8}",
  author = "{Schr{\"o}dinger, LLC}",
  month  =  nov,
  year   =  2015
}

@ARTICLE{Wang2013-oc,
  title    = "{Predicting protein contact map using evolutionary and physical
              constraints by integer programming}",
  author   = "Wang, Zhiyong and Xu, Jinbo",
  journal  = "Bioinformatics",
  volume   =  29,
  number   =  13,
  pages    = "i266--73",
  month    =  jul,
  year     =  2013,
  language = "en",
  issn     = "1367-4803, 1367-4811",
  pmid     = "23812992",
  doi      = "10.1093/bioinformatics/btt211",
  pmc      = "PMC3694661"
}

@ARTICLE{Kozic2018-ef,
  title    = "{Large scale ab initio modelling of structurally uncharacterized
              antimicrobial peptides reveals known and novel folds}",
  author   = "Kozic, Mara and Fox, Stephen J and Thomas, Jens M and Verma,
              Chandra S and Rigden, Daniel J",
  journal  = "Proteins",
  month    =  feb,
  year     =  2018,
  keywords = "ab initio modelling; antimicrobial peptide; antimicrobial
              resistance; protein structure-function; structure prediction",
  language = "en",
  issn     = "0887-3585, 1097-0134",
  pmid     = "29388242",
  doi      = "10.1002/prot.25473"
}

@ARTICLE{Williams2018-iq,
  title    = "{Autophosphorylation is a mechanism of inhibition in twitchin
              kinase}",
  author   = "Williams, Rhys M and Franke, Barbara and Wilkinson, Mark and
              Fleming, Jennifer R and Rigden, Daniel J and Benian, Guy M and
              Eyers, Patrick A and Mayans, Olga",
  journal  = "J. Mol. Biol.",
  month    =  feb,
  year     =  2018,
  keywords = "Kinase regulation; mass spectrometry; phosphotransfer catalysis;
              site-directed mutagenesis",
  language = "en",
  issn     = "0022-2836, 1089-8638",
  pmid     = "29408381",
  doi      = "10.1016/j.jmb.2018.01.020"
}

@ARTICLE{Adhikari2018-ft,
  title    = "{CONFOLD2: improved contact-driven ab initio protein structure
              modeling}",
  author   = "Adhikari, Badri and Cheng, Jianlin",
  journal  = "BMC Bioinformatics",
  volume   =  19,
  number   =  1,
  pages    = "22",
  month    =  jan,
  year     =  2018,
  keywords = "CONFOLD; Contacts; Model selection; Protein folding",
  language = "en",
  issn     = "1471-2105",
  pmid     = "29370750",
  doi      = "10.1186/s12859-018-2032-6",
  pmc      = "PMC5784681"
}

@ARTICLE{Shen2013-ag,
  title    = "{Detecting protein candidate fragments using a structural alphabet
              profile comparison approach}",
  author   = "Shen, Yimin and Picord, G{\'e}raldine and Guyon, Fr{\'e}d{\'e}ric
              and Tuffery, Pierre",
  journal  = "PLoS One",
  volume   =  8,
  number   =  11,
  pages    = "e80493",
  month    =  nov,
  year     =  2013,
  language = "en",
  issn     = "1932-6203",
  pmid     = "24303019",
  doi      = "10.1371/journal.pone.0080493",
  pmc      = "PMC3841190"
}

@ARTICLE{Li2008-fu,
  title    = "{Designing succinct structural alphabets}",
  author   = "Li, Shuai Cheng and Bu, Dongbo and Gao, Xin and Xu, Jinbo and Li,
              Ming",
  journal  = "Bioinformatics",
  volume   =  24,
  number   =  13,
  pages    = "i182--9",
  month    =  jul,
  year     =  2008,
  language = "en",
  issn     = "1367-4803, 1367-4811",
  pmid     = "18586712",
  doi      = "10.1093/bioinformatics/btn165",
  pmc      = "PMC2718643"
}

@ARTICLE{Delaglio2000-pu,
  title     = "{Protein Structure Determination Using Molecular Fragment
               Replacement and NMR Dipolar Couplings}",
  author    = "Delaglio, Frank and Kontaxis, Georg and Bax, Ad",
  journal   = "J. Am. Chem. Soc.",
  publisher = "American Chemical Society",
  volume    =  122,
  number    =  9,
  pages     = "2142--2143",
  month     =  mar,
  year      =  2000,
  issn      = "0002-7863",
  doi       = "10.1021/ja993603n"
}

@ARTICLE{Kontaxis2005-bz,
  title    = "{Molecular fragment replacement approach to protein structure
              determination by chemical shift and dipolar homology database
              mining}",
  author   = "Kontaxis, Georg and Delaglio, Frank and Bax, Ad",
  journal  = "Methods Enzymol.",
  volume   =  394,
  pages    = "42--78",
  year     =  2005,
  language = "en",
  issn     = "0076-6879",
  pmid     = "15808217",
  doi      = "10.1016/S0076-6879(05)94003-2"
}

@ARTICLE{Jones1986-kh,
  title    = "{Using known substructures in protein model building and
              crystallography}",
  author   = "Jones, T A and Thirup, S",
  journal  = "EMBO J.",
  volume   =  5,
  number   =  4,
  pages    = "819--822",
  month    =  apr,
  year     =  1986,
  language = "en",
  issn     = "0261-4189",
  pmid     = "3709525",
  pmc      = "PMC1166864"
}

@ARTICLE{Berardi2011-dv,
  title    = "{Mitochondrial uncoupling protein 2 structure determined by NMR
              molecular fragment searching}",
  author   = "Berardi, Marcelo J and Shih, William M and Harrison, Stephen C
              and Chou, James J",
  journal  = "Nature",
  volume   =  476,
  number   =  7358,
  pages    = "109--113",
  month    =  jul,
  year     =  2011,
  language = "en",
  issn     = "0028-0836, 1476-4687",
  pmid     = "21785437",
  doi      = "10.1038/nature10257",
  pmc      = "PMC3150631"
}

@ARTICLE{Hildebrand2009-wp,
  title    = "{Fast and accurate automatic structure prediction with HHpred}",
  author   = "Hildebrand, Andrea and Remmert, Michael and Biegert, Andreas and
              S{\"o}ding, Johannes",
  journal  = "Proteins",
  volume   = "77 Suppl 9",
  pages    = "128--132",
  year     =  2009,
  language = "en",
  issn     = "0887-3585, 1097-0134",
  pmid     = "19626712",
  doi      = "10.1002/prot.22499"
}

@ARTICLE{Fernandez-Fuentes2010-iu,
  title    = "{Structural characteristics of novel protein folds}",
  author   = "Fernandez-Fuentes, Narcis and Dybas, Joseph M and Fiser, Andras",
  journal  = "PLoS Comput. Biol.",
  volume   =  6,
  number   =  4,
  pages    = "e1000750",
  month    =  apr,
  year     =  2010,
  language = "en",
  issn     = "1553-734X, 1553-7358",
  pmid     = "20421995",
  doi      = "10.1371/journal.pcbi.1000750",
  pmc      = "PMC2858679"
}

@ARTICLE{Berntsson2012-ih,
  title    = "{Structural divergence of paralogous S components from ECF-type
              ABC transporters}",
  author   = "Berntsson, Ronnie P-A and ter Beek, Josy and Majsnerowska, Maria
              and Duurkens, Ria H and Puri, Pranav and Poolman, Bert and
              Slotboom, Dirk-Jan",
  journal  = "Proc. Natl. Acad. Sci. U. S. A.",
  volume   =  109,
  number   =  35,
  pages    = "13990--13995",
  month    =  aug,
  year     =  2012,
  language = "en",
  issn     = "0027-8424, 1091-6490",
  pmid     = "22891302",
  doi      = "10.1073/pnas.1203219109",
  pmc      = "PMC3435211"
}

@ARTICLE{Symersky2012-ir,
  title    = "{Structure of the c(10) ring of the yeast mitochondrial ATP
              synthase in the open conformation}",
  author   = "Symersky, Jindrich and Pagadala, Vijayakanth and Osowski, Daniel
              and Krah, Alexander and Meier, Thomas and Faraldo-G{\'o}mez,
              Jos{\'e} D and Mueller, David M",
  journal  = "Nat. Struct. Mol. Biol.",
  volume   =  19,
  number   =  5,
  pages    = "485--91, S1",
  month    =  apr,
  year     =  2012,
  language = "en",
  issn     = "1545-9993, 1545-9985",
  pmid     = "22504883",
  doi      = "10.1038/nsmb.2284",
  pmc      = "PMC3343227"
}

@ARTICLE{Erkens2011-hj,
  title    = "{The structural basis of modularity in ECF-type ABC transporters}",
  author   = "Erkens, Guus B and Berntsson, Ronnie P-A and Fulyani, Faizah and
              Majsnerowska, Maria and Vuji{\v c}i{\'c}-{\v Z}agar, Andreja and
              Ter Beek, Josy and Poolman, Bert and Slotboom, Dirk Jan",
  journal  = "Nat. Struct. Mol. Biol.",
  volume   =  18,
  number   =  7,
  pages    = "755--760",
  month    =  jun,
  year     =  2011,
  language = "en",
  issn     = "1545-9993, 1545-9985",
  pmid     = "21706007",
  doi      = "10.1038/nsmb.2073"
}

@ARTICLE{Saino2011-ip,
  title    = "{The catalytic architecture of leukotriene C4 synthase with two
              arginine residues}",
  author   = "Saino, Hiromichi and Ukita, Yoko and Ago, Hideo and Irikura,
              Daisuke and Nisawa, Atsushi and Ueno, Go and Yamamoto, Masaki and
              Kanaoka, Yoshihide and Lam, Bing K and Austen, K Frank and
              Miyano, Masashi",
  journal  = "J. Biol. Chem.",
  volume   =  286,
  number   =  18,
  pages    = "16392--16401",
  month    =  may,
  year     =  2011,
  language = "en",
  issn     = "0021-9258, 1083-351X",
  pmid     = "21454538",
  doi      = "10.1074/jbc.M110.150177",
  pmc      = "PMC3091245"
}

@ARTICLE{Derebe2011-yf,
  title    = "{Tuning the ion selectivity of tetrameric cation channels by
              changing the number of ion binding sites}",
  author   = "Derebe, Mehabaw G and Sauer, David B and Zeng, Weizhong and Alam,
              Amer and Shi, Ning and Jiang, Youxing",
  journal  = "Proc. Natl. Acad. Sci. U. S. A.",
  volume   =  108,
  number   =  2,
  pages    = "598--602",
  month    =  jan,
  year     =  2011,
  language = "en",
  issn     = "0027-8424, 1091-6490",
  pmid     = "21187421",
  doi      = "10.1073/pnas.1013636108",
  pmc      = "PMC3021048"
}

@ARTICLE{Ye2010-th,
  title    = "{Novel insights into K+ selectivity from high-resolution
              structures of an open K+ channel pore}",
  author   = "Ye, Sheng and Li, Yang and Jiang, Youxing",
  journal  = "Nat. Struct. Mol. Biol.",
  volume   =  17,
  number   =  8,
  pages    = "1019--1023",
  month    =  aug,
  year     =  2010,
  language = "en",
  issn     = "1545-9993, 1545-9985",
  pmid     = "20676101",
  doi      = "10.1038/nsmb.1865",
  pmc      = "PMC2918291"
}

@ARTICLE{Joh2009-vb,
  title    = "{Similar energetic contributions of packing in the core of
              membrane and water-soluble proteins}",
  author   = "Joh, Nathan H and Oberai, Amit and Yang, Duan and Whitelegge,
              Julian P and Bowie, James U",
  journal  = "J. Am. Chem. Soc.",
  volume   =  131,
  number   =  31,
  pages    = "10846--10847",
  month    =  aug,
  year     =  2009,
  language = "en",
  issn     = "0002-7863, 1520-5126",
  pmid     = "19603754",
  doi      = "10.1021/ja904711k",
  pmc      = "PMC2744480"
}

@ARTICLE{Ho2009-zg,
  title    = "{Crystal structure of human aquaporin 4 at 1.8 A and its mechanism
              of conductance}",
  author   = "Ho, Joseph D and Yeh, Ronald and Sandstrom, Andrew and Chorny,
              Ilya and Harries, William E C and Robbins, Rebecca A and Miercke,
              Larry J W and Stroud, Robert M",
  journal  = "Proc. Natl. Acad. Sci. U. S. A.",
  volume   =  106,
  number   =  18,
  pages    = "7437--7442",
  month    =  may,
  year     =  2009,
  language = "en",
  issn     = "0027-8424, 1091-6490",
  pmid     = "19383790",
  doi      = "10.1073/pnas.0902725106",
  pmc      = "PMC2678640"
}

@ARTICLE{Vinothkumar2010-up,
  title    = "{The structural basis for catalysis and substrate specificity of a
              rhomboid protease}",
  author   = "Vinothkumar, Kutti R and Strisovsky, Kvido and Andreeva, Antonina
              and Christova, Yonka and Verhelst, Steven and Freeman, Matthew",
  journal  = "EMBO J.",
  volume   =  29,
  number   =  22,
  pages    = "3797--3809",
  month    =  nov,
  year     =  2010,
  language = "en",
  issn     = "0261-4189, 1460-2075",
  pmid     = "20890268",
  doi      = "10.1038/emboj.2010.243",
  pmc      = "PMC2989101"
}

@ARTICLE{Pogoryelov2009-pq,
  title    = "{High-resolution structure of the rotor ring of a proton-dependent
              ATP synthase}",
  author   = "Pogoryelov, Denys and Yildiz, Ozkan and Faraldo-G{\'o}mez,
              Jos{\'e} D and Meier, Thomas",
  journal  = "Nat. Struct. Mol. Biol.",
  volume   =  16,
  number   =  10,
  pages    = "1068--1073",
  month    =  oct,
  year     =  2009,
  language = "en",
  issn     = "1545-9993, 1545-9985",
  pmid     = "19783985",
  doi      = "10.1038/nsmb.1678"
}

@ARTICLE{Savage2007-bn,
  title    = "{Structural basis of aquaporin inhibition by mercury}",
  author   = "Savage, David F and Stroud, Robert M",
  journal  = "J. Mol. Biol.",
  volume   =  368,
  number   =  3,
  pages    = "607--617",
  month    =  may,
  year     =  2007,
  language = "en",
  issn     = "0022-2836",
  pmid     = "17376483",
  doi      = "10.1016/j.jmb.2007.02.070",
  pmc      = "PMC3535476"
}

@ARTICLE{Lee2005-uu,
  title    = "{Structural basis for conductance by the archaeal aquaporin AqpM
              at 1.68 A}",
  author   = "Lee, John K and Kozono, David and Remis, Jonathan and Kitagawa,
              Yoshichika and Agre, Peter and Stroud, Robert M",
  journal  = "Proc. Natl. Acad. Sci. U. S. A.",
  volume   =  102,
  number   =  52,
  pages    = "18932--18937",
  month    =  dec,
  year     =  2005,
  language = "en",
  issn     = "0027-8424",
  pmid     = "16361443",
  doi      = "10.1073/pnas.0509469102",
  pmc      = "PMC1323191"
}

@ARTICLE{Standfuss2005-bd,
  title    = "{Mechanisms of photoprotection and nonphotochemical quenching in
              pea light-harvesting complex at 2.5 A resolution}",
  author   = "Standfuss, J{\"o}rg and Terwisscha van Scheltinga, Anke C and
              Lamborghini, Matteo and K{\"u}hlbrandt, Werner",
  journal  = "EMBO J.",
  volume   =  24,
  number   =  5,
  pages    = "919--928",
  month    =  mar,
  year     =  2005,
  language = "en",
  issn     = "0261-4189",
  pmid     = "15719016",
  doi      = "10.1038/sj.emboj.7600585",
  pmc      = "PMC554132"
}

@ARTICLE{Edman2002-qb,
  title    = "{Early structural rearrangements in the photocycle of an integral
              membrane sensory receptor}",
  author   = "Edman, Karl and Royant, Antoine and Nollert, Peter and Maxwell,
              Carrie A and Pebay-Peyroula, Eva and Navarro, Javier and Neutze,
              Richard and Landau, Ehud M",
  journal  = "Structure",
  volume   =  10,
  number   =  4,
  pages    = "473--482",
  month    =  apr,
  year     =  2002,
  language = "en",
  issn     = "0969-2126",
  pmid     = "11937052"
}

@ARTICLE{Li2006-kw,
  title    = "{Cd-hit: a fast program for clustering and comparing large sets of
              protein or nucleotide sequences}",
  author   = "Li, Weizhong and Godzik, Adam",
  journal  = "Bioinformatics",
  volume   =  22,
  number   =  13,
  pages    = "1658--1659",
  month    =  jul,
  year     =  2006,
  language = "en",
  issn     = "1367-4803",
  pmid     = "16731699",
  doi      = "10.1093/bioinformatics/btl158"
}

@ARTICLE{Weinert2015-te,
  title    = "{Fast native-SAD phasing for routine macromolecular structure
              determination}",
  author   = "Weinert, Tobias and Olieric, Vincent and Waltersperger, Sandro
              and Panepucci, Ezequiel and Chen, Lirong and Zhang, Hua and Zhou,
              Dayong and Rose, John and Ebihara, Akio and Kuramitsu, Seiki and
              Li, Dianfan and Howe, Nicole and Schnapp, Gisela and Pautsch,
              Alexander and Bargsten, Katja and Prota, Andrea E and Surana,
              Parag and Kottur, Jithesh and Nair, Deepak T and Basilico,
              Federica and Cecatiello, Valentina and Pasqualato, Sebastiano and
              Boland, Andreas and Weichenrieder, Oliver and Wang, Bi-Cheng and
              Steinmetz, Michel O and Caffrey, Martin and Wang, Meitian",
  journal  = "Nat. Methods",
  volume   =  12,
  number   =  2,
  pages    = "131--133",
  month    =  feb,
  year     =  2015,
  language = "en",
  issn     = "1548-7091, 1548-7105",
  pmid     = "25506719",
  doi      = "10.1038/nmeth.3211"
}

@ARTICLE{Collins2014-jb,
  title    = "{Galectin-3 interactions with glycosphingolipids}",
  author   = "Collins, Patrick M and Bum-Erdene, Khuchtumur and Yu, Xing and
              Blanchard, Helen",
  journal  = "J. Mol. Biol.",
  volume   =  426,
  number   =  7,
  pages    = "1439--1451",
  month    =  apr,
  year     =  2014,
  keywords = "X-ray structures; carbohydrate recognition; galectin;
              ganglioside; glycosphingolipid",
  language = "en",
  issn     = "0022-2836, 1089-8638",
  pmid     = "24326249",
  doi      = "10.1016/j.jmb.2013.12.004"
}

@ARTICLE{Morera2012-pd,
  title    = "{Biochemical and structural characterization of the glycosylase
              domain of MBD4 bound to thymine and
              5-hydroxymethyuracil-containing DNA}",
  author   = "Mor{\'e}ra, Solange and Grin, Inga and Vigouroux, Armelle and
              Couv{\'e}, Sophie and Henriot, V{\'e}ronique and Saparbaev, Murat
              and Ishchenko, Alexander A",
  journal  = "Nucleic Acids Res.",
  volume   =  40,
  number   =  19,
  pages    = "9917--9926",
  month    =  oct,
  year     =  2012,
  language = "en",
  issn     = "0305-1048, 1362-4962",
  pmid     = "22848106",
  doi      = "10.1093/nar/gks714",
  pmc      = "PMC3479182"
}

@ARTICLE{Matos2012-wq,
  title    = "{Autoinhibition of Mint1 adaptor protein regulates amyloid
              precursor protein binding and processing}",
  author   = "Matos, Maria F and Xu, Yibin and Dulubova, Irina and Otwinowski,
              Zbyszek and Richardson, John M and Tomchick, Diana R and Rizo,
              Josep and Ho, Angela",
  journal  = "Proc. Natl. Acad. Sci. U. S. A.",
  volume   =  109,
  number   =  10,
  pages    = "3802--3807",
  month    =  mar,
  year     =  2012,
  language = "en",
  issn     = "0027-8424, 1091-6490",
  pmid     = "22355143",
  doi      = "10.1073/pnas.1119075109",
  pmc      = "PMC3309763"
}

@ARTICLE{Repo2012-nc,
  title    = "{A monomeric TIM-barrel structure from Pyrococcus furiosus is
              optimized for extreme temperatures}",
  author   = "Repo, Heidi and Oeemig, Jesper S and Djupsj{\"o}backa, Janica and
              Iwa{\"\i}, Hideo and Heikinheimo, Pirkko",
  journal  = "Acta Crystallogr. D Biol. Crystallogr.",
  volume   =  68,
  number   = "Pt 11",
  pages    = "1479--1487",
  month    =  nov,
  year     =  2012,
  language = "en",
  issn     = "0907-4449, 1399-0047",
  pmid     = "23090397",
  doi      = "10.1107/S0907444912037171"
}

@ARTICLE{Grigg2011-jh,
  title    = "{Iron-coordinating tyrosine is a key determinant of NEAT domain
              heme transfer}",
  author   = "Grigg, Jason C and Mao, Cherry X and Murphy, Michael E P",
  journal  = "J. Mol. Biol.",
  volume   =  413,
  number   =  3,
  pages    = "684--698",
  month    =  oct,
  year     =  2011,
  language = "en",
  issn     = "0022-2836, 1089-8638",
  pmid     = "21893067",
  doi      = "10.1016/j.jmb.2011.08.047"
}

@ARTICLE{Yang2008-iu,
  title    = "{Crystal structures of human BTG2 and mouse TIS21 involved in
              suppression of CAF1 deadenylase activity}",
  author   = "Yang, Xiuna and Morita, Masahiro and Wang, Hui and Suzuki, Toru
              and Yang, Wen and Luo, Yunhai and Zhao, Cong and Yu, Yue and
              Bartlam, Mark and Yamamoto, Tadashi and Rao, Zihe",
  journal  = "Nucleic Acids Res.",
  volume   =  36,
  number   =  21,
  pages    = "6872--6881",
  month    =  dec,
  year     =  2008,
  language = "en",
  issn     = "0305-1048, 1362-4962",
  pmid     = "18974182",
  doi      = "10.1093/nar/gkn825",
  pmc      = "PMC2588512"
}

% The entry below contains non-ASCII chars that could not be converted
% to a LaTeX equivalent.
@ARTICLE{Myllykoski2013-wf,
  title    = "{Crystallographic analysis of the reaction cycle of 2',3'-cyclic
              nucleotide 3'-phosphodiesterase, a unique member of the 2H
              phosphoesterase family}",
  author   = "Myllykoski, Matti and Raasakka, Arne and Lehtim{\"a}ki, Mari and
              Han, Huijong and Kursula, Inari and Kursula, Petri",
  journal  = "J. Mol. Biol.",
  volume   =  425,
  number   =  22,
  pages    = "4307--4322",
  month    =  nov,
  year     =  2013,
  keywords = "2′,3′-cyclic AMP; 2′,3′-cyclic nucleotide 3′-phosphodiesterase;
              AMPS; CNPase; CPDase; PDB; PNK; Protein Data Bank; RICH; SAXS;
              SRCD; TCEP; adenosine monophosphorothioate; cyclic
              phosphodiesterase; myelin; polynucleotide kinase; protein
              structure; reaction mechanism; regeneration-induced CNPase
              homologue; small-angle X-ray scattering; synchrotron radiation
              circular dichroism spectroscopy; tris(2-carboxyethyl)phosphine",
  language = "en",
  issn     = "0022-2836, 1089-8638",
  pmid     = "23831225",
  doi      = "10.1016/j.jmb.2013.06.012"
}

@ARTICLE{Coulthurst2012-cm,
  title    = "{Conserved signal peptide recognition systems across the
              prokaryotic domains}",
  author   = "Coulthurst, Sarah J and Dawson, Alice and Hunter, William N and
              Sargent, Frank",
  journal  = "Biochemistry",
  volume   =  51,
  number   =  8,
  pages    = "1678--1686",
  month    =  feb,
  year     =  2012,
  language = "en",
  issn     = "0006-2960, 1520-4995",
  pmid     = "22289056",
  doi      = "10.1021/bi201852d",
  pmc      = "PMC3290102"
}

@ARTICLE{Von_Schantz2012-rh,
  title    = "{Structural basis for carbohydrate-binding specificity--a
              comparative assessment of two engineered carbohydrate-binding
              modules}",
  author   = "von Schantz, Laura and H{\aa}kansson, Maria and Logan, Derek T
              and Walse, Bj{\"o}rn and Osterlin, Jacob and Nordberg-Karlsson,
              Eva and Ohlin, Mats",
  journal  = "Glycobiology",
  volume   =  22,
  number   =  7,
  pages    = "948--961",
  month    =  jul,
  year     =  2012,
  language = "en",
  issn     = "0959-6658, 1460-2423",
  pmid     = "22434778",
  doi      = "10.1093/glycob/cws063"
}

@ARTICLE{Stirnimann2010-mm,
  title    = "{Structural basis of TBX5-DNA recognition: the T-box domain in its
              DNA-bound and -unbound form}",
  author   = "Stirnimann, Christian U and Ptchelkine, Denis and Grimm, Clemens
              and M{\"u}ller, Christoph W",
  journal  = "J. Mol. Biol.",
  volume   =  400,
  number   =  1,
  pages    = "71--81",
  month    =  jul,
  year     =  2010,
  language = "en",
  issn     = "0022-2836, 1089-8638",
  pmid     = "20450920",
  doi      = "10.1016/j.jmb.2010.04.052"
}

@ARTICLE{Maresso2007-sm,
  title    = "{Activation of inhibitors by sortase triggers irreversible
              modification of the active site}",
  author   = "Maresso, Anthony W and Wu, Ruiying and Kern, Justin W and Zhang,
              Rongguang and Janik, Dorota and Missiakas, Dominique M and Duban,
              Mark-Eugene and Joachimiak, Andrzej and Schneewind, Olaf",
  journal  = "J. Biol. Chem.",
  volume   =  282,
  number   =  32,
  pages    = "23129--23139",
  month    =  aug,
  year     =  2007,
  language = "en",
  issn     = "0021-9258",
  pmid     = "17545669",
  doi      = "10.1074/jbc.M701857200",
  pmc      = "PMC3366505"
}

@ARTICLE{Makabe2007-fr,
  title    = "{Beta-strand flipping and slipping triggered by turn replacement
              reveal the opportunistic nature of beta-strand pairing}",
  author   = "Makabe, Koki and Yan, Shude and Tereshko, Valentina and Gawlak,
              Grzegorz and Koide, Shohei",
  journal  = "J. Am. Chem. Soc.",
  volume   =  129,
  number   =  47,
  pages    = "14661--14669",
  month    =  nov,
  year     =  2007,
  language = "en",
  issn     = "0002-7863, 1520-5126",
  pmid     = "17985889",
  doi      = "10.1021/ja074252c",
  pmc      = "PMC2596595"
}

@ARTICLE{Malinina2006-ba,
  title    = "{The liganding of glycolipid transfer protein is controlled by
              glycolipid acyl structure}",
  author   = "Malinina, Lucy and Malakhova, Margarita L and Kanack, Alex T and
              Lu, Min and Abagyan, Ruben and Brown, Rhoderick E and Patel,
              Dinshaw J",
  journal  = "PLoS Biol.",
  volume   =  4,
  number   =  11,
  pages    = "e362",
  month    =  nov,
  year     =  2006,
  language = "en",
  issn     = "1544-9173, 1545-7885",
  pmid     = "17105344",
  doi      = "10.1371/journal.pbio.0040362",
  pmc      = "PMC1618416"
}

@ARTICLE{Cendron2004-jl,
  title    = "{Crystal structure of CagZ, a protein from the Helicobacter pylori
              pathogenicity island that encodes for a type IV secretion system}",
  author   = "Cendron, Laura and Seydel, Anke and Angelini, Alessandro and
              Battistutta, Roberto and Zanotti, Giuseppe",
  journal  = "J. Mol. Biol.",
  volume   =  340,
  number   =  4,
  pages    = "881--889",
  month    =  jul,
  year     =  2004,
  language = "en",
  issn     = "0022-2836",
  pmid     = "15223328",
  doi      = "10.1016/j.jmb.2004.05.016"
}

@ARTICLE{Liu2004-ce,
  title    = "{A conserved hypothetical protein from Mycoplasma genitalium shows
              structural homology to nusb proteins}",
  author   = "Liu, Jinyu and Yokota, Hisao and Kim, Rosalind and Kim, Sung-Hou",
  journal  = "Proteins",
  volume   =  55,
  number   =  4,
  pages    = "1082--1086",
  month    =  jun,
  year     =  2004,
  language = "en",
  issn     = "0887-3585, 1097-0134",
  pmid     = "15146506",
  doi      = "10.1002/prot.20119"
}

@ARTICLE{Oganesyan2003-gc,
  title    = "{Structure of the hypothetical protein AQ\_1354 from Aquifex
              aeolicus}",
  author   = "Oganesyan, Vaheh and Busso, Didier and Brandsen, Jeroen and Chen,
              Shengfeng and Jancarik, Jaru and Kim, Rosalind and Kim, Sung-Hou",
  journal  = "Acta Crystallogr. D Biol. Crystallogr.",
  volume   =  59,
  number   = "Pt 7",
  pages    = "1219--1223",
  month    =  jul,
  year     =  2003,
  language = "en",
  issn     = "0907-4449",
  pmid     = "12832766"
}

@ARTICLE{David2003-rb,
  title    = "{YodA from Escherichia coli is a metal-binding, lipocalin-like
              protein}",
  author   = "David, Gabriel and Blondeau, Karine and Schiltz, Marc and Penel,
              Simon and Lewit-Bentley, Anita",
  journal  = "J. Biol. Chem.",
  volume   =  278,
  number   =  44,
  pages    = "43728--43735",
  month    =  oct,
  year     =  2003,
  language = "en",
  issn     = "0021-9258",
  pmid     = "12909634",
  doi      = "10.1074/jbc.M304484200"
}

@ARTICLE{Hayashi2002-dc,
  title    = "{The focal adhesion targeting (FAT) region of focal adhesion
              kinase is a four-helix bundle that binds paxillin}",
  author   = "Hayashi, Ikuko and Vuori, Kristiina and Liddington, Robert C",
  journal  = "Nat. Struct. Biol.",
  volume   =  9,
  number   =  2,
  pages    = "101--106",
  month    =  feb,
  year     =  2002,
  language = "en",
  issn     = "1072-8368",
  pmid     = "11799401",
  doi      = "10.1038/nsb755"
}

@ARTICLE{Kuser2002-pr,
  title    = "{The mechanism of iron uptake by transferrins: the X-ray
              structures of the 18 kDa NII domain fragment of duck
              ovotransferrin and its nitrilotriacetate complex}",
  author   = "Kuser, Paula and Hall, David R and Haw, Mei Ling and Neu,
              Margarete and Evans, Robert W and Lindley, Peter F",
  journal  = "Acta Crystallogr. D Biol. Crystallogr.",
  volume   =  58,
  number   = "Pt 5",
  pages    = "777--783",
  month    =  may,
  year     =  2002,
  language = "en",
  issn     = "0907-4449",
  pmid     = "11976488"
}

@ARTICLE{Louro2001-cq,
  title    = "{Conformational component in the coupled transfer of multiple
              electrons and protons in a monomeric tetraheme cytochrome}",
  author   = "Louro, R O and Bento, I and Matias, P M and Catarino, T and
              Baptista, A M and Soares, C M and Carrondo, M A and Turner, D L
              and Xavier, A V",
  journal  = "J. Biol. Chem.",
  volume   =  276,
  number   =  47,
  pages    = "44044--44051",
  month    =  nov,
  year     =  2001,
  language = "en",
  issn     = "0021-9258",
  pmid     = "11551953",
  doi      = "10.1074/jbc.M107136200"
}

@ARTICLE{Lowther2000-ik,
  title    = "{Structure and mechanism of peptide methionine sulfoxide
              reductase, an "anti-oxidation" enzyme}",
  author   = "Lowther, W T and Brot, N and Weissbach, H and Matthews, B W",
  journal  = "Biochemistry",
  volume   =  39,
  number   =  44,
  pages    = "13307--13312",
  month    =  nov,
  year     =  2000,
  language = "en",
  issn     = "0006-2960",
  pmid     = "11063566"
}

@ARTICLE{Klaholz2000-rd,
  title    = "{Structural basis for isotype selectivity of the human retinoic
              acid nuclear receptor}",
  author   = "Klaholz, B P and Mitschler, A and Moras, D",
  journal  = "J. Mol. Biol.",
  volume   =  302,
  number   =  1,
  pages    = "155--170",
  month    =  sep,
  year     =  2000,
  language = "en",
  issn     = "0022-2836",
  pmid     = "10964567",
  doi      = "10.1006/jmbi.2000.4032"
}

@ARTICLE{Crowe2015-hm,
  title    = "{Structural and functional characterization of a ketosteroid
              transcriptional regulator of Mycobacterium tuberculosis}",
  author   = "Crowe, Adam M and Stogios, Peter J and Casabon, Isra{\"e}l and
              Evdokimova, Elena and Savchenko, Alexei and Eltis, Lindsay D",
  journal  = "J. Biol. Chem.",
  volume   =  290,
  number   =  2,
  pages    = "872--882",
  month    =  jan,
  year     =  2015,
  keywords = "Actinobacteria; Bacterial Metabolism; Cholesterol; CoA Thioester;
              Mycobacterium Tuberculosis; Steroid Catabolism; Transcription
              Repressor",
  language = "en",
  issn     = "0021-9258, 1083-351X",
  pmid     = "25406313",
  doi      = "10.1074/jbc.M114.607481",
  pmc      = "PMC4294509"
}

@ARTICLE{Porebski2015-hc,
  title    = "{Structural and dynamic properties that govern the stability of an
              engineered fibronectin type III domain}",
  author   = "Porebski, Benjamin T and Nickson, Adrian A and Hoke, David E and
              Hunter, Morag R and Zhu, Liguang and McGowan, Sheena and Webb,
              Geoffrey I and Buckle, Ashley M",
  journal  = "Protein Eng. Des. Sel.",
  volume   =  28,
  number   =  3,
  pages    = "67--78",
  month    =  mar,
  year     =  2015,
  keywords = "FN3; consensus design; fibronectin type III; molecular dynamics;
              stability",
  language = "en",
  issn     = "1741-0126, 1741-0134",
  pmid     = "25691761",
  doi      = "10.1093/protein/gzv002",
  pmc      = "PMC4330816"
}

@ARTICLE{Atkinson2014-he,
  title     = "{The structure based design of dual HDAC/BET inhibitors as novel
               epigenetic probes}",
  author    = "Atkinson, Stephen J and Soden, Peter E and Angell, Davina C and
               Bantscheff, Marcus and Chung, Chun-Wa and Giblin, Kathryn A and
               Smithers, Nicholas and Furze, Rebecca C and Gordon, Laurie and
               Drewes, Gerard and Rioja, Inmaculada and Witherington, Jason and
               Parr, Nigel J and Prinjha, Rab K",
  journal   = "Med. Chem. Commun.",
  publisher = "The Royal Society of Chemistry",
  volume    =  5,
  number    =  3,
  pages     = "342--351",
  month     =  feb,
  year      =  2014,
  language  = "en",
  issn      = "2040-2511",
  doi       = "10.1039/C3MD00285C"
}

@ARTICLE{Traore2013-jy,
  title    = "{Defining the interaction of perforin with calcium and the
              phospholipid membrane}",
  author   = "Traore, Daouda A K and Brennan, Amelia J and Law, Ruby H P and
              Dogovski, Con and Perugini, Matthew A and Lukoyanova, Natalya and
              Leung, Eleanor W W and Norton, Raymond S and Lopez, Jamie A and
              Browne, Kylie A and Yagita, Hideo and Lloyd, Gordon J and
              Ciccone, Annette and Verschoor, Sandra and Trapani, Joseph A and
              Whisstock, James C and Voskoboinik, Ilia",
  journal  = "Biochem. J",
  volume   =  456,
  number   =  3,
  pages    = "323--335",
  month    =  dec,
  year     =  2013,
  language = "en",
  issn     = "1470-8728, 0264-6021",
  pmid     = "24070258",
  doi      = "10.1042/BJ20130999"
}

@ARTICLE{Merz2008-gu,
  title    = "{Stabilizing ionic interactions in a full-consensus ankyrin repeat
              protein}",
  author   = "Merz, Tobias and Wetzel, Svava K and Firbank, Susan and
              Pl{\"u}ckthun, Andreas and Gr{\"u}tter, Markus G and Mittl, Peer
              R E",
  journal  = "J. Mol. Biol.",
  volume   =  376,
  number   =  1,
  pages    = "232--240",
  month    =  feb,
  year     =  2008,
  language = "en",
  issn     = "0022-2836, 1089-8638",
  pmid     = "18155045",
  doi      = "10.1016/j.jmb.2007.11.047"
}

@ARTICLE{Graille2005-di,
  title    = "{Activation of the LicT transcriptional antiterminator involves a
              domain swing/lock mechanism provoking massive structural changes}",
  author   = "Graille, Marc and Zhou, Cong-Zhao and Receveur-Br{\'e}chot,
              V{\'e}ronique and Collinet, Bruno and Declerck, Nathalie and van
              Tilbeurgh, Herman",
  journal  = "J. Biol. Chem.",
  volume   =  280,
  number   =  15,
  pages    = "14780--14789",
  month    =  apr,
  year     =  2005,
  language = "en",
  issn     = "0021-9258",
  pmid     = "15699035",
  doi      = "10.1074/jbc.M414642200"
}

@ARTICLE{Cheng2004-bg,
  title    = "{Crystallographic identification of Ca2+ and Sr2+ coordination
              sites in synaptotagmin I C2B domain}",
  author   = "Cheng, Yuan and Sequeira, Sonia M and Malinina, Lucy and
              Tereshko, Valentina and S{\"o}llner, Thomas H and Patel, Dinshaw
              J",
  journal  = "Protein Sci.",
  volume   =  13,
  number   =  10,
  pages    = "2665--2672",
  month    =  oct,
  year     =  2004,
  language = "en",
  issn     = "0961-8368",
  pmid     = "15340165",
  doi      = "10.1110/ps.04832604",
  pmc      = "PMC2286539"
}

@ARTICLE{Fields1994-ab,
  title    = "{Accuracy and precision in protein crystal structure analysis: two
              independent refinements of the structure of poplar plastocyanin
              at 173 K}",
  author   = "Fields, B A and Bartsch, H H and Bartunik, H D and Cordes, F and
              Guss, J M and Freeman, H C",
  journal  = "Acta Crystallogr. D Biol. Crystallogr.",
  volume   =  50,
  number   = "Pt 5",
  pages    = "709--730",
  month    =  sep,
  year     =  1994,
  language = "en",
  issn     = "0907-4449",
  pmid     = "15299368",
  doi      = "10.1107/S0907444994003021"
}

@ARTICLE{Thoden2002-bl,
  title    = "{X-ray crystallographic analyses of inhibitor and substrate
              complexes of wild-type and mutant 4-hydroxybenzoyl-CoA
              thioesterase}",
  author   = "Thoden, James B and Holden, Hazel M and Zhuang, Zhihao and
              Dunaway-Mariano, Debra",
  journal  = "J. Biol. Chem.",
  volume   =  277,
  number   =  30,
  pages    = "27468--27476",
  month    =  jul,
  year     =  2002,
  language = "en",
  issn     = "0021-9258",
  pmid     = "11997398",
  doi      = "10.1074/jbc.M203904200"
}

@ARTICLE{Zhang2004-zt,
  title    = "{Structural and functional analysis of the costimulatory receptor
              programmed death-1}",
  author   = "Zhang, Xuewu and Schwartz, Jean-Claude D and Guo, Xiaoling and
              Bhatia, Sumeena and Cao, Erhu and Lorenz, Michael and Cammer,
              Michael and Chen, Lieping and Zhang, Zhong-Yin and Edidin,
              Michael A and Nathenson, Stanley G and Almo, Steven C",
  journal  = "Immunity",
  volume   =  20,
  number   =  3,
  pages    = "337--347",
  month    =  mar,
  year     =  2004,
  language = "en",
  issn     = "1074-7613",
  pmid     = "15030777"
}

@ARTICLE{Kim2002-kl,
  title    = "{The SAM domain of polyhomeotic forms a helical polymer}",
  author   = "Kim, Chongwoo A and Gingery, Mari and Pilpa, Rosemarie M and
              Bowie, James U",
  journal  = "Nat. Struct. Biol.",
  volume   =  9,
  number   =  6,
  pages    = "453--457",
  month    =  jun,
  year     =  2002,
  language = "en",
  issn     = "1072-8368",
  pmid     = "11992127",
  doi      = "10.1038/nsb802"
}

@ARTICLE{Sorme2005-hh,
  title    = "{Structural and thermodynamic studies on cation-Pi interactions in
              lectin-ligand complexes: high-affinity galectin-3 inhibitors
              through fine-tuning of an arginine-arene interaction}",
  author   = "S{\"o}rme, Pernilla and Arnoux, Pascal and Kahl-Knutsson, Barbro
              and Leffler, Hakon and Rini, James M and Nilsson, Ulf J",
  journal  = "J. Am. Chem. Soc.",
  volume   =  127,
  number   =  6,
  pages    = "1737--1743",
  month    =  feb,
  year     =  2005,
  language = "en",
  issn     = "0002-7863",
  pmid     = "15701008",
  doi      = "10.1021/ja043475p"
}

@ARTICLE{Grizot2001-wt,
  title    = "{The active N-terminal region of p67phox. Structure at 1.8 A
              resolution and biochemical characterizations of the A128V mutant
              implicated in chronic granulomatous disease}",
  author   = "Grizot, S and Fieschi, F and Dagher, M C and Pebay-Peyroula, E",
  journal  = "J. Biol. Chem.",
  volume   =  276,
  number   =  24,
  pages    = "21627--21631",
  month    =  jun,
  year     =  2001,
  language = "en",
  issn     = "0021-9258",
  pmid     = "11262407",
  doi      = "10.1074/jbc.M100893200"
}

@ARTICLE{Thomas2001-hz,
  title    = "{Crystal structure of the phosphatidylinositol
              3,4-bisphosphate-binding pleckstrin homology (PH) domain of
              tandem PH-domain-containing protein 1 (TAPP1): molecular basis of
              lipid specificity}",
  author   = "Thomas, C C and Dowler, S and Deak, M and Alessi, D R and van
              Aalten, D M",
  journal  = "Biochem. J",
  volume   =  358,
  number   = "Pt 2",
  pages    = "287--294",
  month    =  sep,
  year     =  2001,
  language = "en",
  issn     = "0264-6021",
  pmid     = "11513726",
  pmc      = "PMC1222060"
}

@ARTICLE{Menetrey2000-rk,
  title    = "{Structure of Arf6-GDP suggests a basis for guanine nucleotide
              exchange factors specificity}",
  author   = "M{\'e}n{\'e}trey, J and Macia, E and Pasqualato, S and Franco, M
              and Cherfils, J",
  journal  = "Nat. Struct. Biol.",
  volume   =  7,
  number   =  6,
  pages    = "466--469",
  month    =  jun,
  year     =  2000,
  language = "en",
  issn     = "1072-8368",
  pmid     = "10881192",
  doi      = "10.1038/75863"
}

@ARTICLE{West1995-sz,
  title    = "{Crystal structure of the catalytic domain of the chemotaxis
              receptor methylesterase, CheB}",
  author   = "West, A H and Martinez-Hackert, E and Stock, A M",
  journal  = "J. Mol. Biol.",
  volume   =  250,
  number   =  2,
  pages    = "276--290",
  month    =  jul,
  year     =  1995,
  language = "en",
  issn     = "0022-2836",
  pmid     = "7608974",
  doi      = "10.1006/jmbi.1995.0376"
}

@ARTICLE{Banuelos1998-bz,
  title    = "{Structural comparisons of calponin homology domains: implications
              for actin binding}",
  author   = "Ba{\~n}uelos, S and Saraste, M and Djinovi{\'c} Carugo, K",
  journal  = "Structure",
  volume   =  6,
  number   =  11,
  pages    = "1419--1431",
  month    =  nov,
  year     =  1998,
  language = "en",
  issn     = "0969-2126",
  pmid     = "9817844"
}

@ARTICLE{Athappilly1995-pz,
  title    = "{Structure of the biotinyl domain of acetyl-coenzyme A carboxylase
              determined by MAD phasing}",
  author   = "Athappilly, F K and Hendrickson, W A",
  journal  = "Structure",
  volume   =  3,
  number   =  12,
  pages    = "1407--1419",
  month    =  dec,
  year     =  1995,
  language = "en",
  issn     = "0969-2126",
  pmid     = "8747466"
}

@ARTICLE{Eklund1992-bj,
  title    = "{Structure of oxidized bacteriophage T4 glutaredoxin
              (thioredoxin). Refinement of native and mutant proteins}",
  author   = "Eklund, H and Ingelman, M and S{\"o}derberg, B O and Uhlin, T and
              Nordlund, P and Nikkola, M and Sonnerstam, U and Joelson, T and
              Petratos, K",
  journal  = "J. Mol. Biol.",
  volume   =  228,
  number   =  2,
  pages    = "596--618",
  month    =  nov,
  year     =  1992,
  language = "en",
  issn     = "0022-2836",
  pmid     = "1453466"
}

@ARTICLE{Vojtechovsky1999-oi,
  title    = "{Crystal structures of myoglobin-ligand complexes at near-atomic
              resolution}",
  author   = "Vojtechovsk{\'y}, J and Chu, K and Berendzen, J and Sweet, R M
              and Schlichting, I",
  journal  = "Biophys. J.",
  volume   =  77,
  number   =  4,
  pages    = "2153--2174",
  month    =  oct,
  year     =  1999,
  language = "en",
  issn     = "0006-3495",
  pmid     = "10512835",
  doi      = "10.1016/S0006-3495(99)77056-6",
  pmc      = "PMC1300496"
}

@ARTICLE{Kalev2011-te,
  title    = "{HHfrag: HMM-based fragment detection using HHpred}",
  author   = "Kalev, Ivan and Habeck, Michael",
  journal  = "Bioinformatics",
  volume   =  27,
  number   =  22,
  pages    = "3110--3116",
  month    =  nov,
  year     =  2011,
  language = "en",
  issn     = "1367-4803, 1367-4811",
  pmid     = "21965821",
  doi      = "10.1093/bioinformatics/btr541"
}

@ARTICLE{Gront2011-ik,
  title    = "{Generalized fragment picking in Rosetta: design, protocols and
              applications}",
  author   = "Gront, Dominik and Kulp, Daniel W and Vernon, Robert M and
              Strauss, Charlie E M and Baker, David",
  journal  = "PLoS One",
  volume   =  6,
  number   =  8,
  pages    = "e23294",
  month    =  aug,
  year     =  2011,
  language = "en",
  issn     = "1932-6203",
  pmid     = "21887241",
  doi      = "10.1371/journal.pone.0023294",
  pmc      = "PMC3160850"
}

@ARTICLE{Bhattacharya2016-bp,
  title    = "{FRAGSION: ultra-fast protein fragment library generation by IOHMM
              sampling}",
  author   = "Bhattacharya, Debswapna and Adhikari, Badri and Li, Jilong and
              Cheng, Jianlin",
  journal  = "Bioinformatics",
  volume   =  32,
  number   =  13,
  pages    = "2059--2061",
  month    =  jul,
  year     =  2016,
  language = "en",
  issn     = "1367-4803, 1367-4811",
  pmid     = "27153697",
  doi      = "10.1093/bioinformatics/btw067",
  pmc      = "PMC4920111"
}

@ARTICLE{Camacho2009-ue,
  title    = "{BLAST+: architecture and applications}",
  author   = "Camacho, Christiam and Coulouris, George and Avagyan, Vahram and
              Ma, Ning and Papadopoulos, Jason and Bealer, Kevin and Madden,
              Thomas L",
  journal  = "BMC Bioinformatics",
  volume   =  10,
  pages    = "421",
  month    =  dec,
  year     =  2009,
  language = "en",
  issn     = "1471-2105",
  pmid     = "20003500",
  doi      = "10.1186/1471-2105-10-421",
  pmc      = "PMC2803857"
}

@ARTICLE{Heffernan2015-wp,
  title    = "{Improving prediction of secondary structure, local backbone
              angles, and solvent accessible surface area of proteins by
              iterative deep learning}",
  author   = "Heffernan, Rhys and Paliwal, Kuldip and Lyons, James and
              Dehzangi, Abdollah and Sharma, Alok and Wang, Jihua and Sattar,
              Abdul and Yang, Yuedong and Zhou, Yaoqi",
  journal  = "Sci. Rep.",
  volume   =  5,
  pages    = "11476",
  month    =  jun,
  year     =  2015,
  language = "en",
  issn     = "2045-2322",
  pmid     = "26098304",
  doi      = "10.1038/srep11476",
  pmc      = "PMC4476419"
}

@ARTICLE{Jones1999-fi,
  title    = "{Protein secondary structure prediction based on position-specific
              scoring matrices}",
  author   = "Jones, D T",
  journal  = "J. Mol. Biol.",
  volume   =  292,
  number   =  2,
  pages    = "195--202",
  month    =  sep,
  year     =  1999,
  language = "en",
  issn     = "0022-2836",
  pmid     = "10493868",
  doi      = "10.1006/jmbi.1999.3091"
}

@ARTICLE{Murshudov2011-we,
  title    = "{REFMAC5 for the refinement of macromolecular crystal structures}",
  author   = "Murshudov, Garib N and Skub{\'a}k, Pavol and Lebedev, Andrey A
              and Pannu, Navraj S and Steiner, Roberto A and Nicholls, Robert A
              and Winn, Martyn D and Long, Fei and Vagin, Alexei A",
  journal  = "Acta Crystallogr. D Biol. Crystallogr.",
  volume   =  67,
  number   = "Pt 4",
  pages    = "355--367",
  month    =  apr,
  year     =  2011,
  language = "en",
  issn     = "0907-4449, 1399-0047",
  pmid     = "21460454",
  doi      = "10.1107/S0907444911001314",
  pmc      = "PMC3069751"
}

@ARTICLE{Soding2005-sx,
  title    = "{The HHpred interactive server for protein homology detection and
              structure prediction}",
  author   = "S{\"o}ding, Johannes and Biegert, Andreas and Lupas, Andrei N",
  journal  = "Nucleic Acids Res.",
  volume   =  33,
  number   = "Web Server issue",
  pages    = "W244--8",
  month    =  jul,
  year     =  2005,
  language = "en",
  issn     = "0305-1048, 1362-4962",
  pmid     = "15980461",
  doi      = "10.1093/nar/gki408",
  pmc      = "PMC1160169"
}

@ARTICLE{Altschul1990-nc,
  title    = "{Basic local alignment search tool}",
  author   = "Altschul, S F and Gish, W and Miller, W and Myers, E W and
              Lipman, D J",
  journal  = "J. Mol. Biol.",
  volume   =  215,
  number   =  3,
  pages    = "403--410",
  month    =  oct,
  year     =  1990,
  language = "en",
  issn     = "0022-2836",
  pmid     = "2231712",
  doi      = "10.1016/S0022-2836(05)80360-2"
}

@UNPUBLISHED{Mao2017-vk,
  title    = "{Identification of residue pairing in interacting $\beta$-strands
              from a predicted residue contact map}",
  author   = "Mao, Wenzhi and Wang, Tong and Zhang, Wenxuan and Gong, Haipeng",
  journal  = "bioRxiv",
  pages    = "214643",
  month    =  nov,
  year     =  2017,
  language = "en",
  doi      = "10.1101/214643"
}

@ARTICLE{Adhikari2017-fw,
  title    = "{DNCON2: Improved protein contact prediction using two-level deep
              convolutional neural networks}",
  author   = "Adhikari, Badri and Hou, Jie and Cheng, Jianlin",
  journal  = "Bioinformatics",
  month    =  dec,
  year     =  2017,
  language = "en",
  issn     = "1367-4803, 1367-4811",
  pmid     = "29228185",
  doi      = "10.1093/bioinformatics/btx781"
}

@ARTICLE{Liu2017-le,
  title    = "{Enhancing Evolutionary Couplings with Deep Convolutional Neural
              Networks}",
  author   = "Liu, Yang and Palmedo, Perry and Ye, Qing and Berger, Bonnie and
              Peng, Jian",
  journal  = "Cell Syst",
  month    =  dec,
  year     =  2017,
  keywords = "co-evolution; contact prediction; convolutional neural networks;
              deep learning; evolutionary couplings; protein structure
              prediction; structure prediction",
  language = "en",
  issn     = "2405-4712",
  pmid     = "29275173",
  doi      = "10.1016/j.cels.2017.11.014"
}

@ARTICLE{Frishman1995-ns,
  title    = "{Knowledge-based protein secondary structure assignment}",
  author   = "Frishman, D and Argos, P",
  journal  = "Proteins",
  volume   =  23,
  number   =  4,
  pages    = "566--579",
  month    =  dec,
  year     =  1995,
  language = "en",
  issn     = "0887-3585",
  pmid     = "8749853",
  doi      = "10.1002/prot.340230412"
}

@ARTICLE{Jones1997-dq,
  title    = "{Successful ab initio prediction of the tertiary structure of
              NK-lysin using multiple sequences and recognized supersecondary
              structural motifs}",
  author   = "Jones, D T",
  journal  = "Proteins",
  volume   = "Suppl 1",
  pages    = "185--191",
  year     =  1997,
  language = "en",
  issn     = "0887-3585",
  pmid     = "9485510",
  doi      = "10.1002/(SICI)1097-0134(1997)1+<185::AID-PROT24>3.0.CO;2-J"
}

@ARTICLE{Hopf2017-py,
  title     = "{Mutation effects predicted from sequence co-variation}",
  author    = "Hopf, Thomas A and Ingraham, John B and Poelwijk, Frank J and
               Sch{\"a}rfe, Charlotta P I and Springer, Michael and Sander,
               Chris and Marks, Debora S",
  journal   = "Nat. Biotechnol.",
  publisher = "Nature Publishing Group, a division of Macmillan Publishers
               Limited. All Rights Reserved.",
  volume    =  35,
  pages     = "128",
  month     =  jan,
  year      =  2017,
  issn      = "1087-0156",
  doi       = "10.1038/nbt.3769"
}

@ARTICLE{Hopf2015-vf,
  title    = "{Amino acid coevolution reveals three-dimensional structure and
              functional domains of insect odorant receptors}",
  author   = "Hopf, Thomas A and Morinaga, Satoshi and Ihara, Sayoko and
              Touhara, Kazushige and Marks, Debora S and Benton, Richard",
  journal  = "Nat. Commun.",
  volume   =  6,
  pages    = "6077",
  month    =  jan,
  year     =  2015,
  language = "en",
  issn     = "2041-1723",
  pmid     = "25584517",
  doi      = "10.1038/ncomms7077",
  pmc      = "PMC4364406"
}

@ARTICLE{Ovchinnikov2014-xg,
  title    = "{Robust and accurate prediction of residue-residue interactions
              across protein interfaces using evolutionary information}",
  author   = "Ovchinnikov, Sergey and Kamisetty, Hetunandan and Baker, David",
  journal  = "Elife",
  volume   =  3,
  pages    = "e02030",
  month    =  may,
  year     =  2014,
  keywords = "protein coevolution; protein complexes; pseudo-likelihood",
  language = "en",
  issn     = "2050-084X",
  pmid     = "24842992",
  doi      = "10.7554/eLife.02030",
  pmc      = "PMC4034769"
}

@ARTICLE{Ovchinnikov2016-jj,
  title    = "{Improved de novo structure prediction in CASP11 by incorporating
              coevolution information into Rosetta}",
  author   = "Ovchinnikov, Sergey and Kim, David E and Wang, Ray Yu-Ruei and
              Liu, Yuan and DiMaio, Frank and Baker, David",
  journal  = "Proteins",
  volume   = "84 Suppl 1",
  pages    = "67--75",
  month    =  sep,
  year     =  2016,
  keywords = "ab initio prediction; coevolution; contact prediction; protein
              structure prediction; rosetta",
  language = "en",
  issn     = "0887-3585, 1097-0134",
  pmid     = "26677056",
  doi      = "10.1002/prot.24974",
  pmc      = "PMC5490371"
}

@ARTICLE{Schoebel2017-os,
  title    = "{Cryo-EM structure of the protein-conducting ERAD channel Hrd1 in
              complex with Hrd3}",
  author   = "Schoebel, Stefan and Mi, Wei and Stein, Alexander and
              Ovchinnikov, Sergey and Pavlovicz, Ryan and DiMaio, Frank and
              Baker, David and Chambers, Melissa G and Su, Huayou and Li,
              Dongsheng and Rapoport, Tom A and Liao, Maofu",
  journal  = "Nature",
  volume   =  548,
  number   =  7667,
  pages    = "352--355",
  month    =  aug,
  year     =  2017,
  language = "en",
  issn     = "0028-0836, 1476-4687",
  pmid     = "28682307",
  doi      = "10.1038/nature23314"
}

@ARTICLE{Park2017-fb,
  title    = "{Automatic structure prediction of oligomeric assemblies using
              Robetta in CASP12}",
  author   = "Park, Hahnbeom and Kim, David E and Ovchinnikov, Sergey and
              Baker, David and DiMaio, Frank",
  journal  = "Proteins",
  month    =  sep,
  year     =  2017,
  keywords = "CASP12; Rosetta; protein interfaces; structure prediction;
              symmetric assemblies",
  language = "en",
  issn     = "0887-3585, 1097-0134",
  pmid     = "28913931",
  doi      = "10.1002/prot.25387"
}

@ARTICLE{Ovchinnikov2017-nd,
  title    = "{Protein structure prediction using Rosetta in CASP12}",
  author   = "Ovchinnikov, Sergey and Park, Hahnbeom and Kim, David E and
              DiMaio, Frank and Baker, David",
  journal  = "Proteins",
  month    =  sep,
  year     =  2017,
  keywords = "Rosetta; ab initio prediction; co-evolution; protein structure
              prediction; refinement",
  language = "en",
  issn     = "0887-3585, 1097-0134",
  pmid     = "28940798",
  doi      = "10.1002/prot.25390"
}

@ARTICLE{Dunn2008-go,
  title    = "{Mutual information without the influence of phylogeny or entropy
              dramatically improves residue contact prediction}",
  author   = "Dunn, S D and Wahl, L M and Gloor, G B",
  journal  = "Bioinformatics",
  volume   =  24,
  number   =  3,
  pages    = "333--340",
  month    =  feb,
  year     =  2008,
  language = "en",
  issn     = "1367-4803, 1367-4811",
  pmid     = "18057019",
  doi      = "10.1093/bioinformatics/btm604"
}

@ARTICLE{Parente2015-mv,
  title    = "{Amino acid positions subject to multiple coevolutionary
              constraints can be robustly identified by their eigenvector
              network centrality scores}",
  author   = "Parente, Daniel J and Ray, J Christian J and Swint-Kruse, Liskin",
  journal  = "Proteins",
  volume   =  83,
  number   =  12,
  pages    = "2293--2306",
  month    =  dec,
  year     =  2015,
  keywords = "LacI/GalR; aldolase; amino acid; coevolution; graph theory;
              protein evolution; sequence alignment",
  language = "en",
  issn     = "0887-3585, 1097-0134",
  pmid     = "26503808",
  doi      = "10.1002/prot.24948",
  pmc      = "PMC4715571"
}

@ARTICLE{Zhu2017-wk,
  title    = "{Improving protein fold recognition by extracting fold-specific
              features from predicted residue--residue contacts}",
  author   = "Zhu, Jianwei and Zhang, Haicang and Li, Shuai Cheng and Wang,
              Chao and Kong, Lupeng and Sun, Shiwei and Zheng, Wei-Mou and Bu,
              Dongbo",
  journal  = "Bioinformatics",
  month    =  aug,
  year     =  2017,
  issn     = "1367-4803",
  doi      = "10.1093/bioinformatics/btx514"
}

@ARTICLE{Uguzzoni2017-vd,
  title    = "{Large-scale identification of coevolution signals across
              homo-oligomeric protein interfaces by direct coupling analysis}",
  author   = "Uguzzoni, Guido and John Lovis, Shalini and Oteri, Francesco and
              Schug, Alexander and Szurmant, Hendrik and Weigt, Martin",
  journal  = "Proc. Natl. Acad. Sci. U. S. A.",
  volume   =  114,
  number   =  13,
  pages    = "E2662--E2671",
  month    =  mar,
  year     =  2017,
  keywords = "big data analysis; coevolution; direct coupling analysis;
              homo-oligomers; protein--protein interactions",
  language = "en",
  issn     = "0027-8424, 1091-6490",
  pmid     = "28289198",
  doi      = "10.1073/pnas.1615068114",
  pmc      = "PMC5380090"
}

@ARTICLE{Biegert2006-ny,
  title    = "{The MPI Bioinformatics Toolkit for protein sequence analysis}",
  author   = "Biegert, Andreas and Mayer, Christian and Remmert, Michael and
              S{\"o}ding, Johannes and Lupas, Andrei N",
  journal  = "Nucleic Acids Res.",
  volume   =  34,
  number   = "Web Server issue",
  pages    = "W335--9",
  month    =  jul,
  year     =  2006,
  language = "en",
  issn     = "0305-1048, 1362-4962",
  pmid     = "16845021",
  doi      = "10.1093/nar/gkl217",
  pmc      = "PMC1538786"
}

@ARTICLE{Cohen2008-yx,
  title    = "{ARP/wARP and molecular replacement: the next generation}",
  author   = "Cohen, Serge X and Ben Jelloul, Marouane and Long, Fei and Vagin,
              Alexei and Knipscheer, Puck and Lebbink, Joyce and Sixma, Titia K
              and Lamzin, Victor S and Murshudov, Garib N and Perrakis,
              Anastassis",
  journal  = "Acta Crystallogr. D Biol. Crystallogr.",
  volume   =  64,
  number   = "Pt 1",
  pages    = "49--60",
  month    =  jan,
  year     =  2008,
  language = "en",
  issn     = "0907-4449",
  pmid     = "18094467",
  doi      = "10.1107/S0907444907047580",
  pmc      = "PMC2394809"
}

@ARTICLE{Cowtan2006-ue,
  title    = "{The Buccaneer software for automated model building. 1. Tracing
              protein chains}",
  author   = "Cowtan, Kevin",
  journal  = "Acta Crystallogr. D Biol. Crystallogr.",
  volume   =  62,
  number   = "Pt 9",
  pages    = "1002--1011",
  month    =  sep,
  year     =  2006,
  language = "en",
  issn     = "0907-4449",
  pmid     = "16929101",
  doi      = "10.1107/S0907444906022116"
}

@ARTICLE{Thorn2013-ir,
  title    = "{Extending molecular-replacement solutions with SHELXE}",
  author   = "Thorn, Andrea and Sheldrick, George M",
  journal  = "Acta Crystallogr. D Biol. Crystallogr.",
  volume   =  69,
  number   = "Pt 11",
  pages    = "2251--2256",
  month    =  nov,
  year     =  2013,
  keywords = "SHELX; autotracing; density modification; molecular replacement",
  language = "en",
  issn     = "0907-4449, 1399-0047",
  pmid     = "24189237",
  doi      = "10.1107/S0907444913027534",
  pmc      = "PMC3817699"
}

@ARTICLE{Vagin2010-pj,
  title    = "{Molecular replacement with MOLREP}",
  author   = "Vagin, Alexei and Teplyakov, Alexei",
  journal  = "Acta Crystallogr. D Biol. Crystallogr.",
  volume   =  66,
  number   = "Pt 1",
  pages    = "22--25",
  month    =  jan,
  year     =  2010,
  language = "en",
  issn     = "0907-4449, 1399-0047",
  pmid     = "20057045",
  doi      = "10.1107/S0907444909042589"
}

@ARTICLE{McCoy2007-bf,
  title    = "{Phaser crystallographic software}",
  author   = "McCoy, Airlie J and Grosse-Kunstleve, Ralf W and Adams, Paul D
              and Winn, Martyn D and Storoni, Laurent C and Read, Randy J",
  journal  = "J. Appl. Crystallogr.",
  volume   =  40,
  number   = "Pt 4",
  pages    = "658--674",
  month    =  aug,
  year     =  2007,
  language = "en",
  issn     = "0021-8898",
  pmid     = "19461840",
  doi      = "10.1107/S0021889807021206",
  pmc      = "PMC2483472"
}

@ARTICLE{Keegan2008-hk,
  title    = "{MrBUMP: an automated pipeline for molecular replacement}",
  author   = "Keegan, Ronan M and Winn, Martyn D",
  journal  = "Acta Crystallogr. D Biol. Crystallogr.",
  volume   =  64,
  number   = "Pt 1",
  pages    = "119--124",
  month    =  jan,
  year     =  2008,
  language = "en",
  issn     = "0907-4449",
  pmid     = "18094475",
  doi      = "10.1107/S0907444907037195",
  pmc      = "PMC2394800"
}

@ARTICLE{Wozniak2017-zv,
  title    = "{Correlated mutations select misfolded from properly folded
              proteins}",
  author   = "Wozniak, P P and Vriend, G and Kotulska, M",
  journal  = "Bioinformatics",
  volume   =  33,
  number   =  10,
  pages    = "1497--1504",
  month    =  may,
  year     =  2017,
  language = "en",
  issn     = "1367-4803, 1367-4811",
  pmid     = "28203707",
  doi      = "10.1093/bioinformatics/btx013"
}

@ARTICLE{Adhikari2017-vu,
  title    = "{Improved protein structure reconstruction using secondary
              structures, contacts at higher distance thresholds, and
              non-contacts}",
  author   = "Adhikari, Badri and Cheng, Jianlin",
  journal  = "BMC Bioinformatics",
  volume   =  18,
  number   =  1,
  pages    = "380",
  month    =  aug,
  year     =  2017,
  keywords = "De novo structure prediction; Protein contacts; Secondary
              structures; Structure reconstruction",
  language = "en",
  issn     = "1471-2105",
  pmid     = "28851269",
  doi      = "10.1186/s12859-017-1807-5",
  pmc      = "PMC5576353"
}

@ARTICLE{Wang2017-yq,
  title    = "{Accurate De Novo Prediction of Protein Contact Map by Ultra-Deep
              Learning Model}",
  author   = "Wang, Sheng and Sun, Siqi and Li, Zhen and Zhang, Renyu and Xu,
              Jinbo",
  journal  = "PLoS Comput. Biol.",
  volume   =  13,
  number   =  1,
  pages    = "e1005324",
  month    =  jan,
  year     =  2017,
  language = "en",
  issn     = "1553-734X, 1553-7358",
  pmid     = "28056090",
  doi      = "10.1371/journal.pcbi.1005324",
  pmc      = "PMC5249242"
}

@ARTICLE{Ma2015-qd,
  title    = "{Protein contact prediction by integrating joint evolutionary
              coupling analysis and supervised learning}",
  author   = "Ma, Jianzhu and Wang, Sheng and Wang, Zhiyong and Xu, Jinbo",
  journal  = "Bioinformatics",
  volume   =  31,
  number   =  21,
  pages    = "3506--3513",
  month    =  nov,
  year     =  2015,
  language = "en",
  issn     = "1367-4803, 1367-4811",
  pmid     = "26275894",
  doi      = "10.1093/bioinformatics/btv472",
  pmc      = "PMC4838177"
}

@ARTICLE{Brunger2007-sv,
  title     = "{Version 1.2 of the Crystallography and NMR system}",
  author    = "Brunger, Axel T",
  journal   = "Nat. Protoc.",
  publisher = "Nature Publishing Group",
  volume    =  2,
  number    =  11,
  pages     = "2728",
  year      =  2007,
  issn      = "1754-2189"
}

@ARTICLE{Nugent2012-fh,
  title    = "{Accurate de novo structure prediction of large transmembrane
              protein domains using fragment-assembly and correlated mutation
              analysis}",
  author   = "Nugent, Timothy and Jones, David T",
  journal  = "Proc. Natl. Acad. Sci. U. S. A.",
  volume   =  109,
  number   =  24,
  pages    = "E1540--7",
  month    =  jun,
  year     =  2012,
  language = "en",
  issn     = "0027-8424, 1091-6490",
  pmid     = "22645369",
  doi      = "10.1073/pnas.1120036109",
  pmc      = "PMC3386101"
}

@ARTICLE{Hopf2012-wj,
  title    = "{Three-dimensional structures of membrane proteins from genomic
              sequencing}",
  author   = "Hopf, Thomas A and Colwell, Lucy J and Sheridan, Robert and Rost,
              Burkhard and Sander, Chris and Marks, Debora S",
  journal  = "Cell",
  volume   =  149,
  number   =  7,
  pages    = "1607--1621",
  month    =  jun,
  year     =  2012,
  language = "en",
  issn     = "0092-8674, 1097-4172",
  pmid     = "22579045",
  doi      = "10.1016/j.cell.2012.04.012",
  pmc      = "PMC3641781"
}

@ARTICLE{Jones2001-jj,
  title    = "{Predicting novel protein folds by using FRAGFOLD}",
  author   = "Jones, D T",
  journal  = "Proteins",
  volume   = "Suppl 5",
  pages    = "127--132",
  year     =  2001,
  language = "en",
  issn     = "0887-3585",
  pmid     = "11835489",
  doi      = "10.1002/prot.1171"
}

@ARTICLE{Sammito2013-tt,
  title    = "{Exploiting tertiary structure through local folds for
              crystallographic phasing}",
  author   = "Sammito, Massimo and Mill{\'a}n, Claudia and Rodr{\'\i}guez,
              Dayt{\'e} D and de Ilarduya, I{\~n}aki M and Meindl, Kathrin and
              De Marino, Ivan and Petrillo, Giovanna and Buey, Rub{\'e}n M and
              de Pereda, Jos{\'e} M and Zeth, Kornelius and Sheldrick, George M
              and Us{\'o}n, Isabel",
  journal  = "Nat. Methods",
  volume   =  10,
  number   =  11,
  pages    = "1099--1101",
  month    =  nov,
  year     =  2013,
  language = "en",
  issn     = "1548-7091, 1548-7105",
  pmid     = "24037245",
  doi      = "10.1038/nmeth.2644"
}

@ARTICLE{Read2016-oi,
  title    = "{A log-likelihood-gain intensity target for crystallographic
              phasing that accounts for experimental error}",
  author   = "Read, Randy J and McCoy, Airlie J",
  journal  = "Acta Crystallogr D Struct Biol",
  volume   =  72,
  number   = "Pt 3",
  pages    = "375--387",
  month    =  mar,
  year     =  2016,
  keywords = "intensity-measurement errors; likelihood",
  language = "en",
  issn     = "2059-7983",
  pmid     = "26960124",
  doi      = "10.1107/S2059798315013236",
  pmc      = "PMC4784668"
}

@ARTICLE{De_Groot1997-sv,
  title    = "{Prediction of protein conformational freedom from distance
              constraints}",
  author   = "de Groot, B L and van Aalten, D M and Scheek, R M and Amadei, A
              and Vriend, G and Berendsen, H J",
  journal  = "Proteins",
  volume   =  29,
  number   =  2,
  pages    = "240--251",
  month    =  oct,
  year     =  1997,
  language = "en",
  issn     = "0887-3585",
  pmid     = "9329088"
}

@INCOLLECTION{Golkov2016-qr,
  title     = "{Protein contact prediction from amino acid co-evolution using
               convolutional networks for graph-valued images}",
  booktitle = "{Advances in Neural Information Processing Systems 29}",
  author    = "Golkov, Vladimir and Skwark, Marcin J and Golkov, Antonij and
               Dosovitskiy, Alexey and Brox, Thomas and Meiler, Jens and
               Cremers, Daniel",
  editor    = "Lee, D D and Sugiyama, M and Luxburg, U V and Guyon, I and
               Garnett, R",
  publisher = "Curran Associates, Inc.",
  pages     = "4222--4230",
  year      =  2016
}

@ARTICLE{Sung2016-nc,
  title    = "{Intramolecular allosteric communication in dopamine D2 receptor
              revealed by evolutionary amino acid covariation}",
  author   = "Sung, Yun-Min and Wilkins, Angela D and Rodriguez, Gustavo J and
              Wensel, Theodore G and Lichtarge, Olivier",
  journal  = "Proc. Natl. Acad. Sci. U. S. A.",
  volume   =  113,
  number   =  13,
  pages    = "3539--3544",
  month    =  mar,
  year     =  2016,
  keywords = "Evolutionary Trace; G protein-coupled receptors; allostery;
              residue covariation",
  language = "en",
  issn     = "0027-8424, 1091-6490",
  pmid     = "26979958",
  doi      = "10.1073/pnas.1516579113",
  pmc      = "PMC4822589"
}

@ARTICLE{Keegan2011-op,
  title    = "{Evaluating the solution from MrBUMP and BALBES}",
  author   = "Keegan, Ronan M and Long, Fei and Fazio, Vincent J and Winn,
              Martyn D and Murshudov, Garib N and Vagin, Alexei A",
  journal  = "Acta Crystallogr. D Biol. Crystallogr.",
  volume   =  67,
  number   = "Pt 4",
  pages    = "313--323",
  month    =  apr,
  year     =  2011,
  language = "en",
  issn     = "0907-4449, 1399-0047",
  pmid     = "21460449",
  doi      = "10.1107/S0907444911007530",
  pmc      = "PMC3069746"
}

@ARTICLE{Anishchenko2017-sz,
  title    = "{Origins of coevolution between residues distant in protein 3D
              structures}",
  author   = "Anishchenko, Ivan and Ovchinnikov, Sergey and Kamisetty,
              Hetunandan and Baker, David",
  journal  = "Proc. Natl. Acad. Sci. U. S. A.",
  month    =  aug,
  year     =  2017,
  keywords = "homo-oligomeric contacts; protein coevolution; structural
              variation",
  language = "en",
  issn     = "0027-8424, 1091-6490",
  pmid     = "28784799",
  doi      = "10.1073/pnas.1702664114"
}

@ARTICLE{Lebedev2008-el,
  title    = "{Model preparation in MOLREP and examples of model improvement
              using X-ray data}",
  author   = "Lebedev, Andrey A and Vagin, Alexei A and Murshudov, Garib N",
  journal  = "Acta Crystallogr. D Biol. Crystallogr.",
  volume   =  64,
  number   = "Pt 1",
  pages    = "33--39",
  month    =  jan,
  year     =  2008,
  language = "en",
  issn     = "0907-4449",
  pmid     = "18094465",
  doi      = "10.1107/S0907444907049839",
  pmc      = "PMC2394799"
}

@ARTICLE{Soding2017-fo,
  title    = "{Big-data approaches to protein structure prediction}",
  author   = "S{\"o}ding, Johannes",
  journal  = "Science",
  volume   =  355,
  number   =  6322,
  pages    = "248--249",
  month    =  jan,
  year     =  2017,
  language = "en",
  issn     = "0036-8075, 1095-9203",
  pmid     = "28104853",
  doi      = "10.1126/science.aal4632"
}

@ARTICLE{Long2008-pr,
  title    = "{BALBES: a molecular-replacement pipeline}",
  author   = "Long, Fei and Vagin, Alexei A and Young, Paul and Murshudov,
              Garib N",
  journal  = "Acta Crystallogr. D Biol. Crystallogr.",
  volume   =  64,
  number   = "Pt 1",
  pages    = "125--132",
  month    =  jan,
  year     =  2008,
  language = "en",
  issn     = "0907-4449",
  pmid     = "18094476",
  doi      = "10.1107/S0907444907050172",
  pmc      = "PMC2394813"
}

@ARTICLE{Englander2017-di,
  title    = "{The case for defined protein folding pathways}",
  author   = "Englander, S Walter and Mayne, Leland",
  journal  = "Proc. Natl. Acad. Sci. U. S. A.",
  month    =  jun,
  year     =  2017,
  keywords = "energy landscape theory; foldons; protein folding",
  language = "en",
  issn     = "0027-8424, 1091-6490",
  pmid     = "28630329",
  doi      = "10.1073/pnas.1706196114"
}

@ARTICLE{He2017-if,
  title    = "{NeBcon: Protein contact map prediction using neural network
              training coupled with na{\"\i}ve Bayes classifiers}",
  author   = "He, Baoji and Mortuza, S M and Wang, Yanting and Shen, Hong-Bin
              and Zhang, Yang",
  journal  = "Bioinformatics",
  month    =  mar,
  year     =  2017,
  language = "en",
  issn     = "1367-4803, 1367-4811",
  pmid     = "28369334",
  doi      = "10.1093/bioinformatics/btx164"
}

@ARTICLE{Andreani2015-ge,
  title    = "{bbcontacts: prediction of $\beta$-strand pairing from direct
              coupling patterns}",
  author   = "Andreani, Jessica and S{\"o}ding, Johannes",
  journal  = "Bioinformatics",
  volume   =  31,
  number   =  11,
  pages    = "1729--1737",
  month    =  jun,
  year     =  2015,
  language = "en",
  issn     = "1367-4803, 1367-4811",
  pmid     = "25618863",
  doi      = "10.1093/bioinformatics/btv041"
}

@ARTICLE{Kamisetty2013-bs,
  title   = "{Assessing the utility of coevolution-based residue--residue
             contact predictions in a sequence- and structure-rich era}",
  author  = "Kamisetty, Hetunandan and Ovchinnikov, Sergey and Baker, David",
  journal = "Proceedings of the National Academy of Sciences",
  volume  =  110,
  number  =  39,
  pages   = "15674--15679",
  month   =  sep,
  year    =  2013,
  doi     = "10.1073/pnas.1314045110"
}

@ARTICLE{Johnson2010-li,
  title    = "{Hidden Markov model speed heuristic and iterative HMM search
              procedure}",
  author   = "Johnson, L Steven and Eddy, Sean R and Portugaly, Elon",
  journal  = "BMC Bioinformatics",
  volume   =  11,
  pages    = "431",
  month    =  aug,
  year     =  2010,
  language = "en",
  issn     = "1471-2105",
  pmid     = "20718988",
  doi      = "10.1186/1471-2105-11-431",
  pmc      = "PMC2931519"
}

@ARTICLE{Tusnady2005-lp,
  title    = "{PDB\_TM: selection and membrane localization of transmembrane
              proteins in the protein data bank}",
  author   = "Tusn{\'a}dy, G{\'a}bor E and Doszt{\'a}nyi, Zsuzsanna and Simon,
              Istv{\'a}n",
  journal  = "Nucleic Acids Res.",
  volume   =  33,
  number   = "Database issue",
  pages    = "D275--8",
  month    =  jan,
  year     =  2005,
  language = "en",
  issn     = "0305-1048, 1362-4962",
  pmid     = "15608195",
  doi      = "10.1093/nar/gki002",
  pmc      = "PMC539956"
}

@ARTICLE{Chandonia2017-bd,
  title    = "{SCOPe: Manual Curation and Artifact Removal in the Structural
              Classification of Proteins - extended Database}",
  author   = "Chandonia, John-Marc and Fox, Naomi K and Brenner, Steven E",
  journal  = "J. Mol. Biol.",
  volume   =  429,
  number   =  3,
  pages    = "348--355",
  month    =  feb,
  year     =  2017,
  keywords = "database; protein evolution; structure classification",
  language = "en",
  issn     = "0022-2836, 1089-8638",
  pmid     = "27914894",
  doi      = "10.1016/j.jmb.2016.11.023",
  pmc      = "PMC5272801"
}

@ARTICLE{Berman2000-qj,
  title     = "{The Protein Data Bank}",
  author    = "Berman, Helen M and Westbrook, John and Feng, Zukang and
               Gilliland, Gary and Bhat, T N and Weissig, Helge and Shindyalov,
               Ilya N and Bourne, Philip E",
  journal   = "Nucleic Acids Res.",
  publisher = "Oxford University Press",
  volume    =  28,
  number    =  1,
  pages     = "235--242",
  month     =  jan,
  year      =  2000,
  keywords  = "macromolecule; protein data bank",
  issn      = "0305-1048",
  doi       = "10.1093/nar/28.1.235"
}

@ARTICLE{Finn2016-tz,
  title    = "{The Pfam protein families database: towards a more sustainable
              future}",
  author   = "Finn, Robert D and Coggill, Penelope and Eberhardt, Ruth Y and
              Eddy, Sean R and Mistry, Jaina and Mitchell, Alex L and Potter,
              Simon C and Punta, Marco and Qureshi, Matloob and
              Sangrador-Vegas, Amaia and Salazar, Gustavo A and Tate, John and
              Bateman, Alex",
  journal  = "Nucleic Acids Res.",
  volume   =  44,
  number   = "D1",
  pages    = "D279--85",
  month    =  jan,
  year     =  2016,
  language = "en",
  issn     = "0305-1048, 1362-4962",
  pmid     = "26673716",
  doi      = "10.1093/nar/gkv1344",
  pmc      = "PMC4702930"
}

@ARTICLE{Pearson2017-hb,
  title    = "{Query-seeded iterative sequence similarity searching improves
              selectivity 5-20-fold}",
  author   = "Pearson, William R and Li, Weizhong and Lopez, Rodrigo",
  journal  = "Nucleic Acids Res.",
  volume   =  45,
  number   =  7,
  pages    = "e46",
  month    =  apr,
  year     =  2017,
  language = "en",
  issn     = "0305-1048, 1362-4962",
  pmid     = "27923999",
  doi      = "10.1093/nar/gkw1207"
}

@ARTICLE{Kosciolek2014-dq,
  title    = "{De novo structure prediction of globular proteins aided by
              sequence variation-derived contacts}",
  author   = "Kosciolek, Tomasz and Jones, David T",
  journal  = "PLoS One",
  volume   =  9,
  number   =  3,
  pages    = "e92197",
  month    =  mar,
  year     =  2014,
  language = "en",
  issn     = "1932-6203",
  pmid     = "24637808",
  doi      = "10.1371/journal.pone.0092197",
  pmc      = "PMC3956894"
}

@ARTICLE{Ekeberg2014-ev,
  title    = "{Fast pseudolikelihood maximization for direct-coupling analysis
              of protein structure from many homologous amino-acid sequences}",
  author   = "Ekeberg, Magnus and Hartonen, Tuomo and Aurell, Erik",
  journal  = "J. Comput. Phys.",
  volume   =  276,
  pages    = "341--356",
  month    =  nov,
  year     =  2014,
  keywords = "Protein structure prediction; Contact map; Direct-coupling
              analysis; Potts model; Pseudolikelihood; Inference",
  issn     = "0021-9991",
  doi      = "10.1016/j.jcp.2014.07.024"
}

@ARTICLE{Morcos2011-ln,
  title    = "{Direct-coupling analysis of residue coevolution captures native
              contacts across many protein families}",
  author   = "Morcos, Faruck and Pagnani, Andrea and Lunt, Bryan and Bertolino,
              Arianna and Marks, Debora S and Sander, Chris and Zecchina,
              Riccardo and Onuchic, Jos{\'e} N and Hwa, Terence and Weigt,
              Martin",
  journal  = "Proc. Natl. Acad. Sci. U. S. A.",
  volume   =  108,
  number   =  49,
  pages    = "E1293--301",
  month    =  dec,
  year     =  2011,
  language = "en",
  issn     = "0027-8424, 1091-6490",
  pmid     = "22106262",
  doi      = "10.1073/pnas.1111471108",
  pmc      = "PMC3241805"
}

@ARTICLE{De_Juan2013-ex,
  title    = "{Emerging methods in protein co-evolution}",
  author   = "de Juan, David and Pazos, Florencio and Valencia, Alfonso",
  journal  = "Nat. Rev. Genet.",
  volume   =  14,
  number   =  4,
  pages    = "249--261",
  month    =  apr,
  year     =  2013,
  language = "en",
  issn     = "1471-0056, 1471-0064",
  pmid     = "23458856",
  doi      = "10.1038/nrg3414"
}

@ARTICLE{Marks2012-bb,
  title    = "{Protein structure prediction from sequence variation}",
  author   = "Marks, Debora S and Hopf, Thomas A and Sander, Chris",
  journal  = "Nat. Biotechnol.",
  volume   =  30,
  number   =  11,
  pages    = "1072--1080",
  month    =  nov,
  year     =  2012,
  language = "en",
  issn     = "1087-0156, 1546-1696",
  pmid     = "23138306",
  doi      = "10.1038/nbt.2419",
  pmc      = "PMC4319528"
}

% The entry below contains non-ASCII chars that could not be converted
% to a LaTeX equivalent.
@ARTICLE{Bai2016-hu,
  title    = "{Elucidating the druggable interface of protein-protein
              interactions using fragment docking and coevolutionary analysis}",
  author   = "Bai, Fang and Morcos, Faruck and Cheng, Ryan R and Jiang,
              Hualiang and Onuchic, Jos{\'e} N",
  journal  = "Proc. Natl. Acad. Sci. U. S. A.",
  volume   =  113,
  number   =  50,
  pages    = "E8051--E8058",
  month    =  dec,
  year     =  2016,
  keywords = "direct coupling analysis; drug design; druggable surface; hot
              spots; protein−protein interface",
  language = "en",
  issn     = "0027-8424, 1091-6490",
  pmid     = "27911825",
  doi      = "10.1073/pnas.1615932113",
  pmc      = "PMC5167203"
}

@ARTICLE{Nicoludis2015-wl,
  title    = "{Structure and Sequence Analyses of Clustered Protocadherins
              Reveal Antiparallel Interactions that Mediate Homophilic
              Specificity}",
  author   = "Nicoludis, John M and Lau, Sze-Yi and Sch{\"a}rfe, Charlotta P I
              and Marks, Debora S and Weihofen, Wilhelm A and Gaudet, Rachelle",
  journal  = "Structure",
  volume   =  23,
  number   =  11,
  pages    = "2087--2098",
  month    =  nov,
  year     =  2015,
  language = "en",
  issn     = "0969-2126, 1878-4186",
  pmid     = "26481813",
  doi      = "10.1016/j.str.2015.09.005",
  pmc      = "PMC4635037"
}

@ARTICLE{Safarian2016-nq,
  title    = "{Structure of a bd oxidase indicates similar mechanisms for
              membrane-integrated oxygen reductases}",
  author   = "Safarian, Schara and Rajendran, Chitra and M{\"u}ller, Hannelore
              and Preu, Julia and Langer, Julian D and Ovchinnikov, Sergey and
              Hirose, Taichiro and Kusumoto, Tomoichirou and Sakamoto, Junshi
              and Michel, Hartmut",
  journal  = "Science",
  volume   =  352,
  number   =  6285,
  pages    = "583--586",
  month    =  apr,
  year     =  2016,
  language = "en",
  issn     = "0036-8075, 1095-9203",
  pmid     = "27126043",
  doi      = "10.1126/science.aaf2477"
}

@ARTICLE{Rigden2002-ry,
  title    = "{Use of covariance analysis for the prediction of structural
              domain boundaries from multiple protein sequence alignments}",
  author   = "Rigden, Daniel J",
  journal  = "Protein Eng.",
  volume   =  15,
  number   =  2,
  pages    = "65--77",
  month    =  feb,
  year     =  2002,
  language = "en",
  issn     = "0269-2139",
  pmid     = "11917143"
}

@ARTICLE{McCoy2017-wh,
  title    = "{Ab initio solution of macromolecular crystal structures without
              direct methods}",
  author   = "McCoy, Airlie J and Oeffner, Robert D and Wrobel, Antoni G and
              Ojala, Juha R M and Tryggvason, Karl and Lohkamp, Bernhard and
              Read, Randy J",
  journal  = "Proc. Natl. Acad. Sci. U. S. A.",
  volume   =  114,
  number   =  14,
  pages    = "3637--3641",
  month    =  apr,
  year     =  2017,
  keywords = "Shisa; ab initio phasing; likelihood; macromolecular
              crystallography; molecular replacement",
  language = "en",
  issn     = "0027-8424, 1091-6490",
  pmid     = "28325875",
  doi      = "10.1073/pnas.1701640114",
  pmc      = "PMC5389281"
}

@ARTICLE{Ramisch2015-zk,
  title    = "{Automated de novo phasing and model building of coiled-coil
              proteins}",
  author   = "R{\"a}misch, Sebastian and Lizatovi{\'c}, Robert and Andr{\'e},
              Ingemar",
  journal  = "Acta Crystallogr. D Biol. Crystallogr.",
  volume   =  71,
  number   = "Pt 3",
  pages    = "606--614",
  month    =  mar,
  year     =  2015,
  keywords = "Fold-and-Dock; coiled coils; de novo phasing; molecular
              replacement",
  language = "en",
  issn     = "0907-4449, 1399-0047",
  pmid     = "25760609",
  doi      = "10.1107/S1399004714028247"
}

@ARTICLE{DiMaio2013-wy,
  title    = "{Advances in Rosetta structure prediction for difficult
              molecular-replacement problems}",
  author   = "DiMaio, Frank",
  journal  = "Acta Crystallogr. D Biol. Crystallogr.",
  volume   =  69,
  number   = "Pt 11",
  pages    = "2202--2208",
  month    =  nov,
  year     =  2013,
  keywords = "model building; molecular replacement; structure prediction",
  language = "en",
  issn     = "0907-4449, 1399-0047",
  pmid     = "24189231",
  doi      = "10.1107/S0907444913023305",
  pmc      = "PMC3817693"
}

@ARTICLE{Rodriguez2009-tk,
  title    = "{Crystallographic ab initio protein structure solution below
              atomic resolution}",
  author   = "Rodr{\'\i}guez, Dayt{\'e} D and Grosse, Christian and Himmel,
              Sebastian and Gonz{\'a}lez, C{\'e}sar and de Ilarduya, I{\~n}aki
              M and Becker, Stefan and Sheldrick, George M and Us{\'o}n, Isabel",
  journal  = "Nat. Methods",
  volume   =  6,
  number   =  9,
  pages    = "651--653",
  month    =  sep,
  year     =  2009,
  language = "en",
  issn     = "1548-7091, 1548-7105",
  pmid     = "19684596",
  doi      = "10.1038/nmeth.1365"
}

@ARTICLE{Das2009-sj,
  title    = "{Prospects for de novo phasing with de novo protein models}",
  author   = "Das, Rhiju and Baker, David",
  journal  = "Acta Crystallogr. D Biol. Crystallogr.",
  volume   =  65,
  number   = "Pt 2",
  pages    = "169--175",
  month    =  feb,
  year     =  2009,
  language = "en",
  issn     = "0907-4449, 1399-0047",
  pmid     = "19171972",
  doi      = "10.1107/S0907444908020039",
  pmc      = "PMC2631639"
}

@ARTICLE{Rigden2008-no,
  title    = "{Molecular replacement using ab initio polyalanine models
              generated with ROSETTA}",
  author   = "Rigden, Daniel J and Keegan, Ronan M and Winn, Martyn D",
  journal  = "Acta Crystallogr. D Biol. Crystallogr.",
  volume   =  64,
  number   = "Pt 12",
  pages    = "1288--1291",
  month    =  dec,
  year     =  2008,
  language = "en",
  issn     = "0907-4449, 1399-0047",
  pmid     = "19018106",
  doi      = "10.1107/S0907444908033192"
}

@ARTICLE{Qian2007-hq,
  title    = "{High-resolution structure prediction and the crystallographic
              phase problem}",
  author   = "Qian, Bin and Raman, Srivatsan and Das, Rhiju and Bradley, Philip
              and McCoy, Airlie J and Read, Randy J and Baker, David",
  journal  = "Nature",
  volume   =  450,
  number   =  7167,
  pages    = "259--264",
  month    =  nov,
  year     =  2007,
  language = "en",
  issn     = "0028-0836, 1476-4687",
  pmid     = "17934447",
  doi      = "10.1038/nature06249",
  pmc      = "PMC2504711"
}

@ARTICLE{Blow1961-ca,
  title   = "{The single isomorphous replacement method}",
  author  = "Blow, D M and Rossmann, M G",
  journal = "Acta Crystallogr.",
  volume  =  14,
  number  =  11,
  pages   = "1195--1202",
  month   =  nov,
  year    =  1961,
  issn    = "0365-110X",
  doi     = "10.1107/S0365110X61003454"
}

@ARTICLE{Michel2017-lh,
  title     = "{Large-Scale Structure Prediction By Improved Contact Predictions
               And Model Quality Assessment}",
  author    = "Michel, Mirco and Hurtado, David M and Uziela, Karolis and
               Elofsson, Arne",
  journal   = "bioRxiv",
  publisher = "biorxiv.org",
  year      =  2017,
  doi       = "http://biorxiv.org/content/biorxiv/early/2017/04/18/128231.full.pdf"
}

@ARTICLE{Kim2014-hv,
  title    = "{One contact for every twelve residues allows robust and accurate
              topology-level protein structure modeling}",
  author   = "Kim, David E and Dimaio, Frank and Yu-Ruei Wang, Ray and Song,
              Yifan and Baker, David",
  journal  = "Proteins",
  volume   = "82 Suppl 2",
  pages    = "208--218",
  month    =  feb,
  year     =  2014,
  keywords = "ab initio prediction; comparative modeling; contact prediction;
              homology modeling; protein structure prediction; rosetta",
  language = "en",
  issn     = "0887-3585, 1097-0134",
  pmid     = "23900763",
  doi      = "10.1002/prot.24374",
  pmc      = "PMC4128384"
}

@ARTICLE{Xu2010-sw,
  title     = "{How significant is a protein structure similarity with TM-score
               = 0.5?}",
  author    = "Xu, Jinrui and Zhang, Yang",
  journal   = "Bioinformatics",
  publisher = "Oxford Univ Press",
  volume    =  26,
  number    =  7,
  pages     = "889--895",
  month     =  apr,
  year      =  2010,
  language  = "en",
  issn      = "1367-4803, 1367-4811",
  pmid      = "20164152",
  doi       = "10.1093/bioinformatics/btq066",
  pmc       = "PMC2913670"
}

@ARTICLE{Zhang2004-nn,
  title    = "{Scoring function for automated assessment of protein structure
              template quality}",
  author   = "Zhang, Yang and Skolnick, Jeffrey",
  journal  = "Proteins",
  volume   =  57,
  number   =  4,
  pages    = "702--710",
  month    =  dec,
  year     =  2004,
  language = "en",
  issn     = "0887-3585, 1097-0134",
  pmid     = "15476259",
  doi      = "10.1002/prot.20264"
}

@ARTICLE{Zhang2005-hx,
  title    = "{TM-align: a protein structure alignment algorithm based on the
              TM-score}",
  author   = "Zhang, Yang and Skolnick, Jeffrey",
  journal  = "Nucleic Acids Res.",
  volume   =  33,
  number   =  7,
  pages    = "2302--2309",
  month    =  apr,
  year     =  2005,
  language = "en",
  issn     = "0305-1048, 1362-4962",
  pmid     = "15849316",
  doi      = "10.1093/nar/gki524",
  pmc      = "PMC1084323"
}

@ARTICLE{Zhang2016-mq,
  title    = "{COMSAT: Residue contact prediction of transmembrane proteins
              based on support vector machines and mixed integer linear
              programming}",
  author   = "Zhang, Huiling and Huang, Qingsheng and Bei, Zhendong and Wei,
              Yanjie and Floudas, Christodoulos A",
  journal  = "Proteins",
  volume   =  84,
  number   =  3,
  pages    = "332--348",
  month    =  mar,
  year     =  2016,
  keywords = "MILP; ab initio prediction; hybrid framework; machine learning;
              protein structure prediction",
  language = "en",
  issn     = "0887-3585, 1097-0134",
  pmid     = "26756402",
  doi      = "10.1002/prot.24979"
}

@ARTICLE{The_UniProt_Consortium2017-pb,
  title    = "{UniProt: the universal protein knowledgebase}",
  author   = "{The UniProt Consortium}",
  journal  = "Nucleic Acids Res.",
  volume   =  45,
  number   = "D1",
  pages    = "D158--D169",
  month    =  jan,
  year     =  2017,
  language = "en",
  issn     = "0305-1048, 1362-4962",
  pmid     = "27899622",
  doi      = "10.1093/nar/gkw1099",
  pmc      = "PMC5210571"
}

@ARTICLE{Remmert2011-ze,
  title    = "{HHblits: lightning-fast iterative protein sequence searching by
              HMM-HMM alignment}",
  author   = "Remmert, Michael and Biegert, Andreas and Hauser, Andreas and
              S{\"o}ding, Johannes",
  journal  = "Nat. Methods",
  volume   =  9,
  number   =  2,
  pages    = "173--175",
  month    =  dec,
  year     =  2011,
  language = "en",
  issn     = "1548-7091, 1548-7105",
  pmid     = "22198341",
  doi      = "10.1038/nmeth.1818"
}

@ARTICLE{Holmes2004-nt,
  title    = "{Some fundamental aspects of building protein structures from
              fragment libraries}",
  author   = "Holmes, J Bradley and Tsai, Jerry",
  journal  = "Protein Sci.",
  volume   =  13,
  number   =  6,
  pages    = "1636--1650",
  month    =  jun,
  year     =  2004,
  language = "en",
  issn     = "0961-8368",
  pmid     = "15152094",
  doi      = "10.1110/ps.03494504",
  pmc      = "PMC2279988"
}

@ARTICLE{Adhikari2015-hz,
  title    = "{CONFOLD: Residue-residue contact-guided ab initio protein folding}",
  author   = "Adhikari, Badri and Bhattacharya, Debswapna and Cao, Renzhi and
              Cheng, Jianlin",
  journal  = "Proteins",
  volume   =  83,
  number   =  8,
  pages    = "1436--1449",
  month    =  aug,
  year     =  2015,
  keywords = "ab initio protein folding; contact assisted protein structure
              prediction; optimization; protein residue-residue contacts;
              protein structure modeling",
  language = "en",
  issn     = "0887-3585, 1097-0134",
  pmid     = "25974172",
  doi      = "10.1002/prot.24829",
  pmc      = "PMC4509844"
}

@ARTICLE{Michel2017-lf,
  title    = "{Predicting accurate contacts in thousands of Pfam domain families
              using PconsC3}",
  author   = "Michel, Mirco and Skwark, Marcin J and Men{\'e}ndez Hurtado,
              David and Ekeberg, Magnus and Elofsson, Arne",
  journal  = "Bioinformatics",
  volume   =  33,
  number   =  18,
  pages    = "2859--2866",
  month    =  sep,
  year     =  2017,
  language = "en",
  issn     = "1367-4803, 1367-4811",
  pmid     = "28535189",
  doi      = "10.1093/bioinformatics/btx332"
}

@ARTICLE{Xu2012-jf,
  title    = "{Ab initio protein structure assembly using continuous structure
              fragments and optimized knowledge-based force field}",
  author   = "Xu, Dong and Zhang, Yang",
  journal  = "Proteins",
  volume   =  80,
  number   =  7,
  pages    = "1715--1735",
  month    =  jul,
  year     =  2012,
  language = "en",
  issn     = "0887-3585, 1097-0134",
  pmid     = "22411565",
  doi      = "10.1002/prot.24065",
  pmc      = "PMC3370074"
}

@ARTICLE{Winn2011-ay,
  title    = "{Overview of the CCP4 suite and current developments}",
  author   = "Winn, Martyn D and Ballard, Charles C and Cowtan, Kevin D and
              Dodson, Eleanor J and Emsley, Paul and Evans, Phil R and Keegan,
              Ronan M and Krissinel, Eugene B and Leslie, Andrew G W and McCoy,
              Airlie and McNicholas, Stuart J and Murshudov, Garib N and Pannu,
              Navraj S and Potterton, Elizabeth A and Powell, Harold R and
              Read, Randy J and Vagin, Alexei and Wilson, Keith S",
  journal  = "Acta Crystallogr. D Biol. Crystallogr.",
  volume   =  67,
  number   = "Pt 4",
  pages    = "235--242",
  month    =  apr,
  year     =  2011,
  language = "en",
  issn     = "0907-4449, 1399-0047",
  pmid     = "21460441",
  doi      = "10.1107/S0907444910045749",
  pmc      = "PMC3069738"
}

@ARTICLE{Schoch2015-rv,
  title    = "{Structure of a 13-fold superhelix (almost) determined from first
              principles}",
  author   = "Schoch, Guillaume A and Sammito, Massimo and Mill{\'a}n, Claudia
              and Us{\'o}n, Isabel and Rudolph, Markus G",
  journal  = "IUCrJ",
  volume   =  2,
  number   = "Pt 2",
  pages    = "177--187",
  month    =  mar,
  year     =  2015,
  keywords = "ARCIMBOLDO; ARCIMBOLDO\_LITE; fragment-based molecular
              replacement; glucocorticoid receptor co-activator peptide;
              left-handed twist; superhelix",
  language = "en",
  issn     = "2052-2525",
  pmid     = "25866655",
  doi      = "10.1107/S2052252515000238",
  pmc      = "PMC4392412"
}

@ARTICLE{Sammito2015-bq,
  title    = "{ARCIMBOLDO\_LITE: single-workstation implementation and use}",
  author   = "Sammito, Massimo and Mill{\'a}n, Claudia and Frieske, Dawid and
              Rodr{\'\i}guez-Freire, Eloy and Borges, Rafael J and Us{\'o}n,
              Isabel",
  journal  = "Acta Crystallogr. D Biol. Crystallogr.",
  volume   =  71,
  number   = "Pt 9",
  pages    = "1921--1930",
  month    =  sep,
  year     =  2015,
  keywords = "ARCIMBOLDO\_BORGES; ab initio; phasing; small fragments",
  language = "en",
  issn     = "0907-4449, 1399-0047",
  pmid     = "26327382",
  doi      = "10.1107/S1399004715010846"
}

@ARTICLE{Millan2015-ih,
  title    = "{Macromolecular ab initio phasing enforcing secondary and tertiary
              structure}",
  author   = "Mill{\'a}n, Claudia and Sammito, Massimo and Us{\'o}n, Isabel",
  journal  = "IUCrJ",
  volume   =  2,
  number   = "Pt 1",
  pages    = "95--105",
  month    =  jan,
  year     =  2015,
  keywords = "ARCIMBOLDO; ab initio phasing; macromolecular structure;
              $\alpha$-helices",
  language = "en",
  issn     = "2052-2525",
  pmid     = "25610631",
  doi      = "10.1107/S2052252514024117",
  pmc      = "PMC4285884"
}

@ARTICLE{Propper2014-ju,
  title    = "{Structure solution of DNA-binding proteins and complexes with
              ARCIMBOLDO libraries}",
  author   = "Pr{\"o}pper, Kevin and Meindl, Kathrin and Sammito, Massimo and
              Dittrich, Birger and Sheldrick, George M and Pohl, Ehmke and
              Us{\'o}n, Isabel",
  journal  = "Acta Crystallogr. D Biol. Crystallogr.",
  volume   =  70,
  number   = "Pt 6",
  pages    = "1743--1757",
  month    =  jun,
  year     =  2014,
  keywords = "density modification; molecular replacement; protein--DNA
              complexes and macromolecule structure solutions;
              structure-solution pipelines",
  language = "en",
  issn     = "0907-4449, 1399-0047",
  pmid     = "24914984",
  doi      = "10.1107/S1399004714007603",
  pmc      = "PMC4051508"
}

@ARTICLE{Sammito2014-sj,
  title    = "{Structure solution with ARCIMBOLDO using fragments derived from
              distant homology models}",
  author   = "Sammito, Massimo and Meindl, Kathrin and de Ilarduya, I{\~n}aki M
              and Mill{\'a}n, Claudia and Artola-Recolons, Cecilia and Hermoso,
              Juan A and Us{\'o}n, Isabel",
  journal  = "FEBS J.",
  volume   =  281,
  number   =  18,
  pages    = "4029--4045",
  month    =  sep,
  year     =  2014,
  keywords = "ARCIMBOLDO; MltE; density modification; fragment search;
              macromolecular phasing",
  language = "en",
  issn     = "1742-464X, 1742-4658",
  pmid     = "24976038",
  doi      = "10.1111/febs.12897"
}

@ARTICLE{Mayans2013-nu,
  title    = "{Mechanistic and functional diversity in the mechanosensory
              kinases of the titin-like family}",
  author   = "Mayans, Olga and Benian, Guy M and Simkovic, Felix and Rigden,
              Daniel J",
  journal  = "Biochem. Soc. Trans.",
  volume   =  41,
  number   =  4,
  pages    = "1066--1071",
  month    =  aug,
  year     =  2013,
  language = "en",
  issn     = "0300-5127, 1470-8752",
  pmid     = "23863180",
  doi      = "10.1042/BST20130085"
}

@ARTICLE{Cui2016-qo,
  title    = "{CMsearch: simultaneous exploration of protein sequence space and
              structure space improves not only protein homology detection but
              also protein structure prediction}",
  author   = "Cui, Xuefeng and Lu, Zhiwu and Wang, Sheng and Jing-Yan Wang, Jim
              and Gao, Xin",
  journal  = "Bioinformatics",
  volume   =  32,
  number   =  12,
  pages    = "i332--i340",
  month    =  jun,
  year     =  2016,
  language = "en",
  issn     = "1367-4803, 1367-4811",
  pmid     = "27307635",
  doi      = "10.1093/bioinformatics/btw271",
  pmc      = "PMC4908355"
}

@ARTICLE{Rohl2004-ou,
  title    = "{Protein structure prediction using Rosetta}",
  author   = "Rohl, Carol A and Strauss, Charlie E M and Misura, Kira M S and
              Baker, David",
  journal  = "Methods Enzymol.",
  volume   =  383,
  pages    = "66--93",
  year     =  2004,
  language = "en",
  issn     = "0076-6879",
  pmid     = "15063647",
  doi      = "10.1016/S0076-6879(04)83004-0"
}

@ARTICLE{Godzik1992-mn,
  title    = "{Topology fingerprint approach to the inverse protein folding
              problem}",
  author   = "Godzik, A and Kolinski, A and Skolnick, J",
  journal  = "J. Mol. Biol.",
  volume   =  227,
  number   =  1,
  pages    = "227--238",
  month    =  sep,
  year     =  1992,
  language = "en",
  issn     = "0022-2836",
  pmid     = "1522587"
}

@ARTICLE{Di_Lena2010-gs,
  title    = "{Fast overlapping of protein contact maps by alignment of
              eigenvectors}",
  author   = "Di Lena, Pietro and Fariselli, Piero and Margara, Luciano and
              Vassura, Marco and Casadio, Rita",
  journal  = "Bioinformatics",
  volume   =  26,
  number   =  18,
  pages    = "2250--2258",
  month    =  sep,
  year     =  2010,
  language = "en",
  issn     = "1367-4803, 1367-4811",
  pmid     = "20610612",
  doi      = "10.1093/bioinformatics/btq402"
}

@INPROCEEDINGS{Goldman1999-vm,
  title     = "{Algorithmic aspects of protein structure similarity}",
  booktitle = "{40th Annual Symposium on Foundations of Computer Science (Cat.
               No.99CB37039)}",
  author    = "Goldman, D and Istrail, S and Papadimitriou, C H",
  pages     = "512--521",
  year      =  1999,
  keywords  = "biology computing;computational complexity;graph
               theory;molecular configurations;optimisation;proteins;scientific
               information systems;theorem proving;NP-completeness
               results;NP-hard;algorithmic aspects;approximation
               algorithms;contact map overlap;corollary approximation
               result;decomposition theorem;guaranteed error bounds;polynomial
               time;protein structure alignment;protein structure
               similarity;self-avoiding walks;Area
               measurement;Databases;Laboratories;Mathematics;Microwave
               integrated circuits;Polynomials;Prediction methods;Proteins;Time
               measurement;US Department of Energy",
  issn      = "0272-5428",
  doi       = "10.1109/SFFCS.1999.814624"
}

@ARTICLE{Buchan2017-sy,
  title    = "{EigenTHREADER: analogous protein fold recognition by efficient
              contact map threading}",
  author   = "Buchan, Daniel W A and Jones, David T",
  journal  = "Bioinformatics",
  volume   =  33,
  number   =  17,
  pages    = "2684--2690",
  month    =  sep,
  year     =  2017,
  language = "en",
  issn     = "1367-4803, 1367-4811",
  pmid     = "28419258",
  doi      = "10.1093/bioinformatics/btx217"
}

@ARTICLE{Rodriguez2012-kp,
  title    = "{Practical structure solution with ARCIMBOLDO}",
  author   = "Rodr{\'\i}guez, Dayt{\'e} and Sammito, Massimo and Meindl,
              Kathrin and de Ilarduya, I{\~n}aki M and Potratz, Marianus and
              Sheldrick, George M and Us{\'o}n, Isabel",
  journal  = "Acta Crystallogr. D Biol. Crystallogr.",
  volume   =  68,
  number   = "Pt 4",
  pages    = "336--343",
  month    =  apr,
  year     =  2012,
  language = "en",
  issn     = "0907-4449, 1399-0047",
  pmid     = "22505254",
  doi      = "10.1107/S0907444911056071",
  pmc      = "PMC3322593"
}

@ARTICLE{Kajan2014-tb,
  title    = "{FreeContact: fast and free software for protein contact
              prediction from residue co-evolution}",
  author   = "Kaj{\'a}n, L{\'a}szl{\'o} and Hopf, Thomas A and Kala{\v s},
              Mat{\'u}{\v s} and Marks, Debora S and Rost, Burkhard",
  journal  = "BMC Bioinformatics",
  volume   =  15,
  pages    = "85",
  month    =  mar,
  year     =  2014,
  language = "en",
  issn     = "1471-2105",
  pmid     = "24669753",
  doi      = "10.1186/1471-2105-15-85",
  pmc      = "PMC3987048"
}

@ARTICLE{Ovchinnikov2015-nt,
  title    = "{Large-scale determination of previously unsolved protein
              structures using evolutionary information}",
  author   = "Ovchinnikov, Sergey and Kinch, Lisa and Park, Hahnbeom and Liao,
              Yuxing and Pei, Jimin and Kim, David E and Kamisetty, Hetunandan
              and Grishin, Nick V and Baker, David",
  journal  = "Elife",
  volume   =  4,
  pages    = "e09248",
  month    =  sep,
  year     =  2015,
  keywords = "B. subtilis; E. coli; H. salinarum; S. solfataricus; biophysics;
              co-evolution; evolutionary biology; genomics; protein family;
              protein fold; structural biology; structure prediction",
  language = "en",
  issn     = "2050-084X",
  pmid     = "26335199",
  doi      = "10.7554/eLife.09248",
  pmc      = "PMC4602095"
}

@ARTICLE{Seemayer2014-ml,
  title    = "{CCMpred--fast and precise prediction of protein residue-residue
              contacts from correlated mutations}",
  author   = "Seemayer, Stefan and Gruber, Markus and S{\"o}ding, Johannes",
  journal  = "Bioinformatics",
  volume   =  30,
  number   =  21,
  pages    = "3128--3130",
  month    =  nov,
  year     =  2014,
  language = "en",
  issn     = "1367-4803, 1367-4811",
  pmid     = "25064567",
  doi      = "10.1093/bioinformatics/btu500",
  pmc      = "PMC4201158"
}

@ARTICLE{Uhlen2015-er,
  title    = "{Proteomics. Tissue-based map of the human proteome}",
  author   = "Uhl{\'e}n, Mathias and Fagerberg, Linn and Hallstr{\"o}m,
              Bj{\"o}rn M and Lindskog, Cecilia and Oksvold, Per and
              Mardinoglu, Adil and Sivertsson, {\AA}sa and Kampf, Caroline and
              Sj{\"o}stedt, Evelina and Asplund, Anna and Olsson, Ingmarie and
              Edlund, Karolina and Lundberg, Emma and Navani, Sanjay and
              Szigyarto, Cristina Al-Khalili and Odeberg, Jacob and
              Djureinovic, Dijana and Takanen, Jenny Ottosson and Hober, Sophia
              and Alm, Tove and Edqvist, Per-Henrik and Berling, Holger and
              Tegel, Hanna and Mulder, Jan and Rockberg, Johan and Nilsson,
              Peter and Schwenk, Jochen M and Hamsten, Marica and von
              Feilitzen, Kalle and Forsberg, Mattias and Persson, Lukas and
              Johansson, Fredric and Zwahlen, Martin and von Heijne, Gunnar and
              Nielsen, Jens and Pont{\'e}n, Fredrik",
  journal  = "Science",
  volume   =  347,
  number   =  6220,
  pages    = "1260419",
  month    =  jan,
  year     =  2015,
  language = "en",
  issn     = "0036-8075, 1095-9203",
  pmid     = "25613900",
  doi      = "10.1126/science.1260419"
}

@ARTICLE{Kabsch1983-dy,
  title     = "{Dictionary of protein secondary structure: pattern recognition
               of hydrogen-bonded and geometrical features}",
  author    = "Kabsch, W and Sander, C",
  journal   = "Biopolymers",
  publisher = "Wiley Online Library",
  volume    =  22,
  number    =  12,
  pages     = "2577--2637",
  month     =  dec,
  year      =  1983,
  language  = "en",
  issn      = "0006-3525",
  pmid      = "6667333",
  doi       = "10.1002/bip.360221211"
}

@ARTICLE{Stansfeld2017-ws,
  title   = "{Computational studies of membrane proteins: from sequence to
             structure to simulation}",
  author  = "Stansfeld, Phillip J",
  journal = "Curr. Opin. Struct. Biol.",
  volume  =  45,
  pages   = "133--141",
  year    =  2017,
  issn    = "0959-440X",
  doi     = "10.1016/j.sbi.2017.04.004"
}

@ARTICLE{Cock2009-hx,
  title    = "{Biopython: freely available Python tools for computational
              molecular biology and bioinformatics}",
  author   = "Cock, Peter J A and Antao, Tiago and Chang, Jeffrey T and
              Chapman, Brad A and Cox, Cymon J and Dalke, Andrew and Friedberg,
              Iddo and Hamelryck, Thomas and Kauff, Frank and Wilczynski,
              Bartek and de Hoon, Michiel J L",
  journal  = "Bioinformatics",
  volume   =  25,
  number   =  11,
  pages    = "1422--1423",
  month    =  jun,
  year     =  2009,
  language = "en",
  issn     = "1367-4803, 1367-4811",
  pmid     = "19304878",
  doi      = "10.1093/bioinformatics/btp163",
  pmc      = "PMC2682512"
}

@ARTICLE{Thomas2017-lq,
  title    = "{Approaches to {\textbackslashit ab initio} molecular replacement
              of {$\alpha$}-helical transmembrane proteins}",
  author   = "Thomas, Jens M H and Simkovic, Felix and Keegan, Ronan and
              Mayans, Olga and Zhang, Chengxin and Zhang, Yang and Rigden,
              Daniel J",
  journal  = "Acta Crystallogr. D Biol. Crystallogr.",
  volume   =  73,
  number   =  12,
  pages    = "985--996",
  month    =  dec,
  year     =  2017,
  note     = "",
  keywords = "transmembrane proteins, ab initio phasing, ab initio modelling,
              predicted contacts",
  issn     = "0907-4449",
  doi      = "10.1107/S2059798317016436"
}

@ARTICLE{Marks2011-jz,
  title    = "{Protein 3D structure computed from evolutionary sequence
              variation}",
  author   = "Marks, Debora S and Colwell, Lucy J and Sheridan, Robert and
              Hopf, Thomas A and Pagnani, Andrea and Zecchina, Riccardo and
              Sander, Chris",
  journal  = "PLoS One",
  volume   =  6,
  number   =  12,
  pages    = "e28766",
  month    =  dec,
  year     =  2011,
  language = "en",
  issn     = "1932-6203",
  pmid     = "22163331",
  doi      = "10.1371/journal.pone.0028766",
  pmc      = "PMC3233603"
}

@ARTICLE{Ovchinnikov2017-ma,
  title    = "{Protein structure determination using metagenome sequence data}",
  author   = "Ovchinnikov, Sergey and Park, Hahnbeom and Varghese, Neha and
              Huang, Po-Ssu and Pavlopoulos, Georgios A and Kim, David E and
              Kamisetty, Hetunandan and Kyrpides, Nikos C and Baker, David",
  journal  = "Science",
  volume   =  355,
  number   =  6322,
  pages    = "294--298",
  month    =  jan,
  year     =  2017,
  language = "en",
  issn     = "0036-8075, 1095-9203",
  pmid     = "28104891",
  doi      = "10.1126/science.aah4043"
}

@ARTICLE{Michel2014-ci,
  title    = "{PconsFold: improved contact predictions improve protein models}",
  author   = "Michel, Mirco and Hayat, Sikander and Skwark, Marcin J and
              Sander, Chris and Marks, Debora S and Elofsson, Arne",
  journal  = "Bioinformatics",
  volume   =  30,
  number   =  17,
  pages    = "i482--8",
  month    =  sep,
  year     =  2014,
  language = "en",
  issn     = "1367-4803, 1367-4811",
  pmid     = "25161237",
  doi      = "10.1093/bioinformatics/btu458",
  pmc      = "PMC4147911"
}

@ARTICLE{Skwark2013-le,
  title    = "{PconsC: combination of direct information methods and alignments
              improves contact prediction}",
  author   = "Skwark, Marcin J and Abdel-Rehim, Abbi and Elofsson, Arne",
  journal  = "Bioinformatics",
  volume   =  29,
  number   =  14,
  pages    = "1815--1816",
  month    =  jul,
  year     =  2013,
  language = "en",
  issn     = "1367-4803, 1367-4811",
  pmid     = "23658418",
  doi      = "10.1093/bioinformatics/btt259"
}

@ARTICLE{Skwark2014-mu,
  title    = "{Improved contact predictions using the recognition of protein
              like contact patterns}",
  author   = "Skwark, Marcin J and Raimondi, Daniele and Michel, Mirco and
              Elofsson, Arne",
  journal  = "PLoS Comput. Biol.",
  volume   =  10,
  number   =  11,
  pages    = "e1003889",
  month    =  nov,
  year     =  2014,
  language = "en",
  issn     = "1553-734X, 1553-7358",
  pmid     = "25375897",
  doi      = "10.1371/journal.pcbi.1003889",
  pmc      = "PMC4222596"
}

@ARTICLE{Jones2015-wp,
  title    = "{MetaPSICOV: combining coevolution methods for accurate prediction
              of contacts and long range hydrogen bonding in proteins}",
  author   = "Jones, David T and Singh, Tanya and Kosciolek, Tomasz and
              Tetchner, Stuart",
  journal  = "Bioinformatics",
  volume   =  31,
  number   =  7,
  pages    = "999--1006",
  month    =  apr,
  year     =  2015,
  language = "en",
  issn     = "1367-4803, 1367-4811",
  pmid     = "25431331",
  doi      = "10.1093/bioinformatics/btu791",
  pmc      = "PMC4382908"
}

@ARTICLE{Jones2012-ez,
  title    = "{PSICOV: precise structural contact prediction using sparse
              inverse covariance estimation on large multiple sequence
              alignments}",
  author   = "Jones, David T and Buchan, Daniel W A and Cozzetto, Domenico and
              Pontil, Massimiliano",
  journal  = "Bioinformatics",
  volume   =  28,
  number   =  2,
  pages    = "184--190",
  month    =  jan,
  year     =  2012,
  language = "en",
  issn     = "1367-4803, 1367-4811",
  pmid     = "22101153",
  doi      = "10.1093/bioinformatics/btr638"
}

@ARTICLE{Bibby2013-ly,
  title    = "{Application of the AMPLE cluster-and-truncate approach to NMR
              structures for molecular replacement}",
  author   = "Bibby, Jaclyn and Keegan, Ronan M and Mayans, Olga and Winn,
              Martyn D and Rigden, Daniel J",
  journal  = "Acta Crystallogr. D Biol. Crystallogr.",
  volume   =  69,
  number   = "Pt 11",
  pages    = "2194--2201",
  month    =  nov,
  year     =  2013,
  keywords = "AMPLE; NMR structures; molecular replacement; search models",
  language = "en",
  issn     = "0907-4449, 1399-0047",
  pmid     = "24189230",
  doi      = "10.1107/S0907444913018453",
  pmc      = "PMC3817692"
}

@ARTICLE{Hotta2014-ma,
  title    = "{Conversion of a disulfide bond into a thioacetal group during
              echinomycin biosynthesis}",
  author   = "Hotta, Kinya and Keegan, Ronan M and Ranganathan, Soumya and
              Fang, Minyi and Bibby, Jaclyn and Winn, Martyn D and Sato, Michio
              and Lian, Mingzhu and Watanabe, Kenji and Rigden, Daniel J and
              Kim, Chu-Young",
  journal  = "Angew. Chem. Int. Ed Engl.",
  volume   =  53,
  number   =  3,
  pages    = "824--828",
  month    =  jan,
  year     =  2014,
  language = "en",
  issn     = "1433-7851, 1521-3773",
  pmid     = "24302672",
  doi      = "10.1002/anie.201307404"
}

@ARTICLE{Bibby2012-vg,
  title    = "{AMPLE: a cluster-and-truncate approach to solve the crystal
              structures of small proteins using rapidly computed ab initio
              models}",
  author   = "Bibby, Jaclyn and Keegan, Ronan M and Mayans, Olga and Winn,
              Martyn D and Rigden, Daniel J",
  journal  = "Acta Crystallogr. D Biol. Crystallogr.",
  volume   =  68,
  number   = "Pt 12",
  pages    = "1622--1631",
  month    =  dec,
  year     =  2012,
  language = "en",
  issn     = "0907-4449, 1399-0047",
  pmid     = "23151627",
  doi      = "10.1107/S0907444912039194"
}

@ARTICLE{Li2017-hc,
  title         = "{Predicting membrane protein contacts from non-membrane
                   proteins by deep transfer learning}",
  author        = "Li, Zhen and Wang, Sheng and Yu, Yizhou and Xu, Jinbo",
  month         =  apr,
  year          =  2017,
  archivePrefix = "arXiv",
  eprint        = "1704.07207",
  primaryClass  = "q-bio.BM",
  arxivid       = "1704.07207"
}

@ARTICLE{Ellis2010-ik,
  title    = "{Directionality in protein fold prediction}",
  author   = "Ellis, Jonathan J and Huard, Fabien P E and Deane, Charlotte M
              and Srivastava, Sheenal and Wood, Graham R",
  journal  = "BMC Bioinformatics",
  volume   =  11,
  pages    = "172",
  month    =  apr,
  year     =  2010,
  language = "en",
  issn     = "1471-2105",
  pmid     = "20374616",
  doi      = "10.1186/1471-2105-11-172",
  pmc      = "PMC2871273"
}

@ARTICLE{Wang2017-ox,
  title    = "{LRFragLib: an effective algorithm to identify fragments for de
              novo protein structure prediction}",
  author   = "Wang, Tong and Yang, Yuedong and Zhou, Yaoqi and Gong, Haipeng",
  journal  = "Bioinformatics",
  volume   =  33,
  number   =  5,
  pages    = "677--684",
  month    =  mar,
  year     =  2017,
  language = "en",
  issn     = "1367-4803, 1367-4811",
  pmid     = "27797773",
  doi      = "10.1093/bioinformatics/btw668"
}

@ARTICLE{De_Oliveira2017-yf,
  title    = "{Comparing co-evolution methods and their application to
              template-free protein structure prediction}",
  author   = "de Oliveira, Saulo Henrique Pires and Shi, Jiye and Deane,
              Charlotte M",
  journal  = "Bioinformatics",
  volume   =  33,
  number   =  3,
  pages    = "373--381",
  month    =  feb,
  year     =  2017,
  language = "en",
  issn     = "1367-4803, 1367-4811",
  pmid     = "28171606",
  doi      = "10.1093/bioinformatics/btw618"
}

@ARTICLE{De_Oliveira2015-ba,
  title    = "{Building a better fragment library for de novo protein structure
              prediction}",
  author   = "de Oliveira, Saulo H P and Shi, Jiye and Deane, Charlotte M",
  journal  = "PLoS One",
  volume   =  10,
  number   =  4,
  pages    = "e0123998",
  month    =  apr,
  year     =  2015,
  language = "en",
  issn     = "1932-6203",
  pmid     = "25901595",
  doi      = "10.1371/journal.pone.0123998",
  pmc      = "PMC4406757"
}

@ARTICLE{Wuyun2016-tx,
  title    = "{A large-scale comparative assessment of methods for
              residue--residue contact prediction}",
  author   = "Wuyun, Qiqige and Zheng, Wei and Peng, Zhenling and Yang, Jianyi",
  journal  = "Brief. Bioinform.",
  month    =  oct,
  year     =  2016,
  issn     = "1467-5463",
  doi      = "10.1093/bib/bbw106"
}

@ARTICLE{Sadowski2013-vq,
  title    = "{Prediction of protein domain boundaries from inverse covariances}",
  author   = "Sadowski, Michael I",
  journal  = "Proteins",
  volume   =  81,
  number   =  2,
  pages    = "253--260",
  month    =  feb,
  year     =  2013,
  language = "en",
  issn     = "0887-3585, 1097-0134",
  pmid     = "22987736",
  doi      = "10.1002/prot.24181",
  pmc      = "PMC3563215"
}

@ARTICLE{Thomas2015-ag,
  title    = "{Routine phasing of coiled-coil protein crystal structures with
              AMPLE}",
  author   = "Thomas, Jens M H and Keegan, Ronan M and Bibby, Jaclyn and Winn,
              Martyn D and Mayans, Olga and Rigden, Daniel J",
  journal  = "IUCrJ",
  volume   =  2,
  number   = "Pt 2",
  pages    = "198--206",
  month    =  mar,
  year     =  2015,
  keywords = "ab initio modelling; coiled-coil proteins; macromolecular
              complexes; molecular replacement; search-model ensembles",
  language = "en",
  issn     = "2052-2525",
  pmid     = "25866657",
  doi      = "10.1107/S2052252515002080",
  pmc      = "PMC4392414"
}

@ARTICLE{Keegan2015-xw,
  title    = "{Exploring the speed and performance of molecular replacement with
              AMPLE using QUARK ab initio protein models}",
  author   = "Keegan, Ronan M and Bibby, Jaclyn and Thomas, Jens and Xu, Dong
              and Zhang, Yang and Mayans, Olga and Winn, Martyn D and Rigden,
              Daniel J",
  journal  = "Acta Crystallogr. D Biol. Crystallogr.",
  volume   =  71,
  number   = "Pt 2",
  pages    = "338--343",
  month    =  feb,
  year     =  2015,
  keywords = "AMPLE; QUARK; ROSETTA; ab initio modelling; molecular replacement",
  language = "en",
  issn     = "0907-4449, 1399-0047",
  pmid     = "25664744",
  doi      = "10.1107/S1399004714025784",
  pmc      = "PMC4321487"
}

@ARTICLE{Bruhn2014-jl,
  title     = "{Crystal structure of the Nipah virus phosphoprotein
               tetramerization domain}",
  author    = "Bruhn, Jessica F and Barnett, Katherine C and Bibby, Jaclyn and
               Thomas, Jens M H and Keegan, Ronan M and Rigden, Daniel J and
               Bornholdt, Zachary A and Saphire, Erica Ollmann",
  journal   = "J. Virol.",
  publisher = "Am Soc Microbiol",
  volume    =  88,
  number    =  1,
  pages     = "758--762",
  year      =  2014,
  issn      = "0022-538X"
}

@ARTICLE{Simkovic2017-dj,
  title    = "{Applications of contact predictions to structural biology}",
  author   = "Simkovic, Felix and Ovchinnikov, Sergey and Baker, David and
              Rigden, Daniel J",
  journal  = "IUCrJ",
  volume   =  4,
  number   =  3,
  pages    = "291--300",
  month    =  may,
  year     =  2017,
  keywords = "evolutionary covariance, predicted contacts, NMR distance
              restraints, X-ray crystallography, structural bioinformatics",
  doi      = "10.1107/S2052252517005115"
}

@ARTICLE{Baker2016-ro,
  title     = "{Potential DNA binding and nuclease functions of ComEC domains
               characterized in silico}",
  author    = "Baker, James A and Simkovic, Felix and Taylor, Helen and Rigden,
               Daniel J",
  journal   = "Proteins: Struct. Funct. Bioinf.",
  publisher = "Wiley Online Library",
  volume    =  84,
  number    =  10,
  pages     = "1431--1442",
  year      =  2016
}

@ARTICLE{Simkovic2017-zk,
  title    = "{ConKit: A Python Interface to Contact Predictions}",
  author   = "Simkovic, Felix and Thomas, Jens M H and Rigden, Daniel J",
  journal  = "Bioinformatics",
  volume   =  33,
  number   =  14,
  pages    = "2209--2211",
  month    =  mar,
  year     =  2017,
  language = "en",
  issn     = "1367-4803, 1367-4811",
  pmid     = "28369168",
  doi      = "10.1093/bioinformatics/btx148"
}

@ARTICLE{Simkovic2016-jx,
  title    = "{Residue contacts predicted by evolutionary covariance extend the
              application of {\textbackslashit ab initio} molecular replacement
              to larger and more challenging protein folds}",
  author   = "Simkovic, Felix and Thomas, Jens M H and Keegan, Ronan M and
              Winn, Martyn D and Mayans, Olga and Rigden, Daniel J",
  journal  = "IUCrJ",
  volume   =  3,
  number   = "Pt 4",
  pages    = "259--270",
  month    =  jul,
  year     =  2016,
  keywords = "ab initio modelling; evolutionary covariation; molecular
              replacement; predicted contacts; protein structure prediction",
  language = "en",
  issn     = "2052-2525",
  pmid     = "27437113",
  doi      = "10.1107/S2052252516008113",
  pmc      = "PMC4937781"
}

@ARTICLE{Yang2013-lv,
  title    = "{High-accuracy prediction of transmembrane inter-helix contacts
              and application to GPCR 3D structure modeling}",
  author   = "Yang, Jing and Jang, Richard and Zhang, Yang and Shen, Hong-Bin",
  journal  = "Bioinformatics",
  volume   =  29,
  number   =  20,
  pages    = "2579--2587",
  month    =  oct,
  year     =  2013,
  language = "en",
  issn     = "1367-4803, 1367-4811",
  pmid     = "23946502",
  doi      = "10.1093/bioinformatics/btt440",
  pmc      = "PMC3789543"
}
